<?xml version="1.0" encoding="UTF-8"?>
<!DOCTYPE html PUBLIC "-//W3C//DTD XHTML 1.0 Transitional//EN"
    "http://www.w3.org/TR/xhtml1/DTD/xhtml1-transitional.dtd">
<html xmlns="http://www.w3.org/1999/xhtml" xml:lang="en" lang="en">
 <head>
  <title>
</title>
<meta http-equiv="Content-Type" content="text/html;charset=utf-8" />
  <meta name='ocr-system' content='tesseract 3.04.00' />
  <meta name='ocr-capabilities' content='ocr_page ocr_carea ocr_par ocr_line ocrx_word'/>
</head>
<body>
  <div class='ocr_page' id='page_1' title='image "./dehegesippodisq00lavigoog_0027.png"; bbox 0 0 3114 4960; ppageno 0'>
   <div class='ocr_carea' id='block_1_1' title="bbox 100 3229 312 3338">
    <p class='ocr_par' dir='ltr' id='par_1_1' title="bbox 100 3229 312 3338">
     <span class='ocr_line' id='line_1_1' title="bbox 110 3229 312 3282; baseline -0.01 -8"><span class='ocrx_word' id='word_1_1' title='bbox 110 3230 166 3282; x_wconf 80' lang='lat' dir='ltr'><strong>Quid</strong></span> <span class='ocrx_word' id='word_1_2' title='bbox 175 3241 203 3274; x_wconf 82' lang='lat' dir='ltr'><strong>er</strong></span> <span class='ocrx_word' id='word_1_3' title='bbox 211 3230 240 3273; x_wconf 88' lang='lat' dir='ltr'><strong>iis</strong></span> <span class='ocrx_word' id='word_1_4' title='bbox 249 3229 312 3274; x_wconf 86' lang='lat' dir='ltr'><strong>testi-</strong></span> 
     </span>
     <span class='ocr_line' id='line_1_2' title="bbox 100 3284 311 3338; baseline -0.009 -11"><span class='ocrx_word' id='word_1_5' title='bbox 100 3284 182 3328; x_wconf 77' lang='lat' dir='ltr'>moniis</span> <span class='ocrx_word' id='word_1_6' title='bbox 199 3289 311 3338; x_wconf 84' lang='lat' dir='ltr'><strong>sequetur.</strong></span> 
     </span>
    </p>
   </div>
   <div class='ocr_carea' id='block_1_2' title="bbox 743 428 939 503">
    <p class='ocr_par' dir='ltr' id='par_1_2' title="bbox 743 428 939 503">
     <span class='ocr_line' id='line_1_3' title="bbox 743 428 939 503; baseline 0.005 -21"><span class='ocrx_word' id='word_1_7' title='bbox 743 428 939 503; x_wconf 44' lang='grc' dir='ltr'>ηε...</span> 
     </span>
    </p>
   </div>
   <div class='ocr_carea' id='block_1_3' title="bbox 337 575 1340 2294">
    <p class='ocr_par' dir='ltr' id='par_1_3' title="bbox 337 575 1340 2294">
     <span class='ocr_line' id='line_1_4' title="bbox 342 575 1339 676; baseline 0.001 -29"><span class='ocrx_word' id='word_1_8' title='bbox 342 578 505 676; x_wconf 84' lang='lat' dir='ltr'><strong>proxime</strong></span> <span class='ocrx_word' id='word_1_9' title='bbox 522 575 629 648; x_wconf 81' lang='lat' dir='ltr'><strong>tradit</strong></span> <span class='ocrx_word' id='word_1_10' title='bbox 645 578 911 673; x_wconf 84' lang='lat' dir='ltr'><strong>Hieronymus¹.</strong></span> <span class='ocrx_word' id='word_1_11' title='bbox 936 606 953 644; x_wconf 75' lang='lat' dir='ltr'><strong>a</strong></span> <span class='ocrx_word' id='word_1_12' title='bbox 969 578 1187 675; x_wconf 87' lang='lat' dir='ltr'><strong>Hegesippus</strong></span> <span class='ocrx_word' id='word_1_13' title='bbox 1204 578 1339 650; x_wconf 88' lang='lat' dir='ltr'><strong>vicinus</strong></span> 
     </span>
     <span class='ocr_line' id='line_1_5' title="bbox 342 700 1339 799; baseline -0.001 -26"><span class='ocrx_word' id='word_1_14' title='bbox 342 700 619 799; x_wconf 89' lang='lat' dir='ltr'><strong>apostolicorum</strong></span> <span class='ocrx_word' id='word_1_15' title='bbox 641 714 862 797; x_wconf 88' lang='lat' dir='ltr'><strong>temporum,</strong></span> <span class='ocrx_word' id='word_1_16' title='bbox 883 725 1009 773; x_wconf 87' lang='lat' dir='ltr'><strong>omues</strong></span> <span class='ocrx_word' id='word_1_17' title='bbox 1032 725 1051 773; x_wconf 87' lang='lat' dir='ltr'><strong>a</strong></span> <span class='ocrx_word' id='word_1_18' title='bbox 1073 701 1236 799; x_wconf 76' lang='lat' dir='ltr'><strong>passione</strong></span> <span class='ocrx_word' id='word_1_19' title='bbox 1259 705 1339 772; x_wconf 89' lang='lat' dir='ltr'><strong>Do·</strong></span> 
     </span>
     <span class='ocr_line' id='line_1_6' title="bbox 341 823 1339 921; baseline 0.001 -27"><span class='ocrx_word' id='word_1_20' title='bbox 341 823 430 895; x_wconf 86' lang='lat' dir='ltr'><strong>mini</strong></span> <span class='ocrx_word' id='word_1_21' title='bbox 448 850 561 921; x_wconf 89' lang='lat' dir='ltr'><strong>usque</strong></span> <span class='ocrx_word' id='word_1_22' title='bbox 583 823 628 899; x_wconf 83' lang='lat' dir='ltr'><strong>ad</strong></span> <span class='ocrx_word' id='word_1_23' title='bbox 650 848 751 897; x_wconf 88' lang='lat' dir='ltr'><strong>suam</strong></span> <span class='ocrx_word' id='word_1_24' title='bbox 777 838 915 899; x_wconf 71' lang='lat' dir='ltr'><strong>aetutem</strong></span> <span class='ocrx_word' id='word_1_25' title='bbox 940 823 1255 897; x_wconf 86' lang='lat' dir='ltr'><strong>ecclesiastieorum</strong></span> <span class='ocrx_word' id='word_1_26' title='bbox 1278 849 1339 896; x_wconf 85' lang='lat' dir='ltr'><strong>ac·</strong></span> 
     </span>
     <span class='ocr_line' id='line_1_7' title="bbox 342 947 1340 1047; baseline 0 -26"><span class='ocrx_word' id='word_1_27' title='bbox 342 962 444 1031; x_wconf 79' lang='lat' dir='ltr'><strong>tuum</strong></span> <span class='ocrx_word' id='word_1_28' title='bbox 463 963 587 1029; x_wconf 81' lang='lat' dir='ltr'><strong>texens</strong></span> <span class='ocrx_word' id='word_1_29' title='bbox 606 948 790 1039; x_wconf 77' lang='lat' dir='ltr'><strong>historias,</strong></span> <span class='ocrx_word' id='word_1_30' title='bbox 809 948 992 1047; x_wconf 83' lang='lat' dir='ltr'><strong>multoque</strong></span> <span class='ocrx_word' id='word_1_31' title='bbox 1013 947 1059 1022; x_wconf 87' lang='lat' dir='ltr'><strong>ad</strong></span> <span class='ocrx_word' id='word_1_32' title='bbox 1082 947 1267 1025; x_wconf 67' lang='lat' dir='ltr'><strong>utilitatem</strong></span> <span class='ocrx_word' id='word_1_33' title='bbox 1291 948 1340 1021; x_wconf 86' lang='lat' dir='ltr'><strong>le·</strong></span> 
     </span>
     <span class='ocr_line' id='line_1_8' title="bbox 340 1073 1339 1172; baseline 0.001 -26"><span class='ocrx_word' id='word_1_34' title='bbox 340 1075 498 1172; x_wconf 85' lang='lat' dir='ltr'><strong>gentium</strong></span> <span class='ocrx_word' id='word_1_35' title='bbox 528 1073 613 1146; x_wconf 88' lang='lat' dir='ltr'><strong>binc</strong></span> <span class='ocrx_word' id='word_1_36' title='bbox 643 1074 728 1149; x_wconf 85' lang='lat' dir='ltr'><strong>iude</strong></span> <span class='ocrx_word' id='word_1_37' title='bbox 761 1092 1006 1170; x_wconf 75' lang='lat' dir='ltr'><strong>congregans,</strong></span> <span class='ocrx_word' id='word_1_38' title='bbox 1042 1074 1202 1171; x_wconf 87' lang='lat' dir='ltr'><strong>quinque</strong></span> <span class='ocrx_word' id='word_1_39' title='bbox 1231 1073 1339 1147; x_wconf 80' lang='lat' dir='ltr'><strong>libius</strong></span> 
     </span>
     <span class='ocr_line' id='line_1_9' title="bbox 341 1197 1338 1296; baseline 0.001 -25"><span class='ocrx_word' id='word_1_40' title='bbox 341 1199 543 1296; x_wconf 87' lang='lat' dir='ltr'><strong>composuit</strong></span> <span class='ocrx_word' id='word_1_41' title='bbox 570 1216 736 1271; x_wconf 89' lang='lat' dir='ltr'><strong>sermone</strong></span> <span class='ocrx_word' id='word_1_42' title='bbox 766 1197 937 1295; x_wconf 86' lang='lat' dir='ltr'><strong>simplici,</strong></span> <span class='ocrx_word' id='word_1_43' title='bbox 976 1213 1016 1270; x_wconf 93' lang='lat' dir='ltr'><strong>ut</strong></span> <span class='ocrx_word' id='word_1_44' title='bbox 1047 1224 1204 1296; x_wconf 89' lang='lat' dir='ltr'><strong>quorum</strong></span> <span class='ocrx_word' id='word_1_45' title='bbox 1229 1201 1338 1272; x_wconf 83' lang='lat' dir='ltr'><strong>vitem</strong></span> 
     </span>
     <span class='ocr_line' id='line_1_10' title="bbox 340 1322 1337 1422; baseline -0.004 -23"><span class='ocrx_word' id='word_1_46' title='bbox 340 1323 560 1412; x_wconf 80' lang='lat' dir='ltr'><strong>sectabatur,</strong></span> <span class='ocrx_word' id='word_1_47' title='bbox 592 1322 738 1399; x_wconf 85' lang='lat' dir='ltr'><strong>dicendi</strong></span> <span class='ocrx_word' id='word_1_48' title='bbox 762 1344 908 1420; x_wconf 89' lang='lat' dir='ltr'><strong>quoque</strong></span> <span class='ocrx_word' id='word_1_49' title='bbox 937 1324 1152 1422; x_wconf 76' lang='lat' dir='ltr'><strong>exprimeret</strong></span> <span class='ocrx_word' id='word_1_50' title='bbox 1181 1339 1337 1397; x_wconf 71' lang='lat' dir='ltr'><strong>caracte-</strong></span> 
     </span>
     <span class='ocr_line' id='line_1_11' title="bbox 340 1446 1333 1545; baseline -0.001 -26"><span class='ocrx_word' id='word_1_51' title='bbox 340 1472 428 1521; x_wconf 83' lang='lat' dir='ltr'><strong>rem.</strong></span> <span class='ocrx_word' id='word_1_52' title='bbox 444 1476 462 1513; x_wconf 80' lang='lat' dir='ltr'><strong>u</strong></span> <span class='ocrx_word' id='word_1_53' title='bbox 483 1446 608 1519; x_wconf 85' lang='lat' dir='ltr'><strong>Eidem</strong></span> <span class='ocrx_word' id='word_1_54' title='bbox 621 1447 841 1545; x_wconf 83' lang='lat' dir='ltr'><strong>Hieronymo</strong></span> <span class='ocrx_word' id='word_1_55' title='bbox 851 1447 1061 1543; x_wconf 77' lang='lat' dir='ltr'><strong>suffragatur</strong></span> <span class='ocrx_word' id='word_1_56' title='bbox 1073 1450 1333 1521; x_wconf 74' lang='lat' dir='ltr'><strong>sozomenus².</strong></span> 
     </span>
     <span class='ocr_line' id='line_1_12' title="bbox 342 1570 1338 1670; baseline 0.002 -30"><span class='ocrx_word' id='word_1_57' title='bbox 342 1601 361 1640; x_wconf 89' lang='lat'>«</span> <span class='ocrx_word' id='word_1_58' title='bbox 380 1572 525 1643; x_wconf 75' lang='lat' dir='ltr'><strong>Animus</strong></span> <span class='ocrx_word' id='word_1_59' title='bbox 542 1585 637 1661; x_wconf 89' lang='lat' dir='ltr'><strong>erat,</strong></span> <span class='ocrx_word' id='word_1_60' title='bbox 653 1572 785 1669; x_wconf 87' lang='lat' dir='ltr'><strong>iuquit,</strong></span> <span class='ocrx_word' id='word_1_61' title='bbox 803 1570 876 1645; x_wconf 88' lang='lat' dir='ltr'><strong>boc</strong></span> <span class='ocrx_word' id='word_1_62' title='bbox 891 1594 983 1670; x_wconf 81' lang='lat' dir='ltr'><strong>opus</strong></span> <span class='ocrx_word' id='word_1_63' title='bbox 997 1572 1213 1667; x_wconf 77' lang='lat' dir='ltr'><strong>(Historiam</strong></span> <span class='ocrx_word' id='word_1_64' title='bbox 1230 1572 1338 1644; x_wconf 80' lang='lat' dir='ltr'><strong>eccle-</strong></span> 
     </span>
     <span class='ocr_line' id='line_1_13' title="bbox 337 1694 1337 1793; baseline 0.002 -28"><span class='ocrx_word' id='word_1_65' title='bbox 337 1696 532 1791; x_wconf 75' lang='lat' dir='ltr'><strong>siasticam)</strong></span> <span class='ocrx_word' id='word_1_66' title='bbox 551 1720 573 1766; x_wconf 86' lang='lat' dir='ltr'><strong>a</strong></span> <span class='ocrx_word' id='word_1_67' title='bbox 595 1694 736 1767; x_wconf 90' lang='lat' dir='ltr'><strong>Christo</strong></span> <span class='ocrx_word' id='word_1_68' title='bbox 764 1709 849 1771; x_wconf 86' lang='lat' dir='ltr'><strong>nato</strong></span> <span class='ocrx_word' id='word_1_69' title='bbox 880 1696 1106 1792; x_wconf 85' lang='lat' dir='ltr'><strong>repetivisse,</strong></span> <span class='ocrx_word' id='word_1_70' title='bbox 1134 1696 1197 1769; x_wconf 90' lang='lat' dir='ltr'><strong>sed</strong></span> <span class='ocrx_word' id='word_1_71' title='bbox 1225 1720 1337 1793; x_wconf 87' lang='lat' dir='ltr'><strong>quum</strong></span> 
     </span>
     <span class='ocr_line' id='line_1_14' title="bbox 337 1818 1332 1917; baseline 0 -27"><span class='ocrx_word' id='word_1_72' title='bbox 337 1819 657 1892; x_wconf 83' lang='lat' dir='ltr'><strong>animadverterem</strong></span> <span class='ocrx_word' id='word_1_73' title='bbox 684 1819 772 1892; x_wconf 74' lang='lat' dir='ltr'><strong>alios</strong></span> <span class='ocrx_word' id='word_1_74' title='bbox 799 1819 1037 1917; x_wconf 87' lang='lat' dir='ltr'><strong>scriptores...</strong></span> <span class='ocrx_word' id='word_1_75' title='bbox 1068 1818 1332 1893; x_wconf 84' lang='lat' dir='ltr'><strong>Clementem...</strong></span> 
     </span>
     <span class='ocr_line' id='line_1_15' title="bbox 338 1922 1336 2045; baseline -0.002 -28"><span class='ocrx_word' id='word_1_76' title='bbox 338 1922 652 2044; x_wconf 24' lang='lat' dir='ltr'><strong>Hegesippum....&#39;</strong></span> <span class='ocrx_word' id='word_1_77' title='bbox 668 1946 763 2018; x_wconf 86' lang='lat' dir='ltr'><strong>viros</strong></span> <span class='ocrx_word' id='word_1_78' title='bbox 789 1945 1067 2043; x_wconf 85' lang='lat' dir='ltr'><strong>sapientissimos</strong></span> <span class='ocrx_word' id='word_1_79' title='bbox 1095 1944 1193 2019; x_wconf 90' lang='lat' dir='ltr'><strong>idem</strong></span> <span class='ocrx_word' id='word_1_80' title='bbox 1220 1946 1336 2045; x_wconf 88' lang='lat' dir='ltr'><strong>ipsum</strong></span> 
     </span>
     <span class='ocr_line' id='line_1_16' title="bbox 337 2067 1336 2169; baseline 0.004 -30"><span class='ocrx_word' id='word_1_81' title='bbox 337 2067 385 2139; x_wconf 86' lang='lat' dir='ltr'><strong>ad</strong></span> <span class='ocrx_word' id='word_1_82' title='bbox 395 2093 459 2141; x_wconf 92' lang='lat' dir='ltr'><strong>sua</strong></span> <span class='ocrx_word' id='word_1_83' title='bbox 471 2094 583 2166; x_wconf 89' lang='lat' dir='ltr'><strong>usque</strong></span> <span class='ocrx_word' id='word_1_84' title='bbox 596 2083 757 2168; x_wconf 82' lang='lat' dir='ltr'><strong>tempora</strong></span> <span class='ocrx_word' id='word_1_85' title='bbox 772 2068 926 2141; x_wconf 88' lang='lat' dir='ltr'><strong>scribere</strong></span> <span class='ocrx_word' id='word_1_86' title='bbox 946 2095 1173 2169; x_wconf 83' lang='lat' dir='ltr'><strong>aggressos...</strong></span> <span class='ocrx_word' id='word_1_87' title='bbox 1187 2099 1206 2139; x_wconf 88' lang='lat'>»</span> <span class='ocrx_word' id='word_1_88' title='bbox 1223 2073 1271 2143; x_wconf 76' lang='lat' dir='ltr'><strong>Tit</strong></span> <span class='ocrx_word' id='word_1_89' title='bbox 1280 2076 1336 2168; x_wconf 78' lang='grc' dir='ltr'><strong>μὲν</strong></span> 
     </span>
     <span class='ocr_line' id='line_1_17' title="bbox 337 2195 1335 2294; baseline 0.003 -30"><span class='ocrx_word' id='word_1_90' title='bbox 337 2204 445 2289; x_wconf 75' lang='grc' dir='ltr'>πρῶτα</span> <span class='ocrx_word' id='word_1_91' title='bbox 457 2199 613 2290; x_wconf 67' lang='grc' dir='ltr'><strong>ὡρμήθην,</strong></span> <span class='ocrx_word' id='word_1_92' title='bbox 630 2195 686 2266; x_wconf 78' lang='grc' dir='ltr'><strong>ἀπ’</strong></span> <span class='ocrx_word' id='word_1_93' title='bbox 700 2199 795 2291; x_wconf 78' lang='grc' dir='ltr'>ἀρχῆς</span> <span class='ocrx_word' id='word_1_94' title='bbox 811 2200 930 2273; x_wconf 78' lang='grc' dir='ltr'>ταύτην</span> <span class='ocrx_word' id='word_1_95' title='bbox 945 2195 1111 2293; x_wconf 56' lang='lat' dir='ltr'><strong>eumolpus</strong></span> <span class='ocrx_word' id='word_1_96' title='bbox 1124 2203 1182 2274; x_wconf 77' lang='grc' dir='ltr'><strong>τὴν</strong></span> <span class='ocrx_word' id='word_1_97' title='bbox 1194 2226 1335 2294; x_wconf 79' lang='grc' dir='ltr'>πραγμα-</span> 
     </span>
    </p>
   </div>
   <div class='ocr_carea' id='block_1_4' title="bbox 338 2316 1335 2417">
    <p class='ocr_par' dir='ltr' id='par_1_4' title="bbox 338 2316 1335 2417">
     <span class='ocr_line' id='line_1_18' title="bbox 338 2316 1335 2417; baseline 0.004 -29"><span class='ocrx_word' id='word_1_98' title='bbox 338 2321 435 2393; x_wconf 79' lang='grc' dir='ltr'>τείαν,</span> <span class='ocrx_word' id='word_1_99' title='bbox 465 2323 665 2416; x_wconf 75' lang='grc' dir='ltr'>Λογισάμενος</span> <span class='ocrx_word' id='word_1_100' title='bbox 688 2316 722 2390; x_wconf 76' lang='grc' dir='ltr'><strong>δὲ</strong></span> <span class='ocrx_word' id='word_1_101' title='bbox 748 2329 787 2401; x_wconf 82' lang='grc' dir='ltr'><strong>ὡς</strong></span> <span class='ocrx_word' id='word_1_102' title='bbox 809 2324 863 2393; x_wconf 87' lang='grc' dir='ltr'><strong>καὶ</strong></span> <span class='ocrx_word' id='word_1_103' title='bbox 883 2320 974 2392; x_wconf 80' lang='grc' dir='ltr'>ἄλλοι</span> <span class='ocrx_word' id='word_1_104' title='bbox 994 2327 1110 2404; x_wconf 69' lang='grc' dir='ltr'><strong>,ταύτης</strong></span> <span class='ocrx_word' id='word_1_105' title='bbox 1138 2325 1335 2417; x_wconf 73' lang='grc' dir='ltr'><strong>ἐπειράθησαν</strong></span> 
     </span>
    </p>
   </div>
   <div class='ocr_carea' id='block_1_5' title="bbox 336 2442 1336 3143">
    <p class='ocr_par' dir='ltr' id='par_1_5' title="bbox 336 2442 1336 3143">
     <span class='ocr_line' id='line_1_19' title="bbox 340 2442 1336 2545; baseline 0 -30"><span class='ocrx_word' id='word_1_106' title='bbox 340 2451 430 2540; x_wconf 79' lang='grc' dir='ltr'>μέχρι</span> <span class='ocrx_word' id='word_1_107' title='bbox 447 2454 508 2521; x_wconf 78' lang='grc' dir='ltr'><strong>τῶν</strong></span> <span class='ocrx_word' id='word_1_108' title='bbox 530 2442 605 2514; x_wconf 79' lang='grc' dir='ltr'><strong><em>κατ’</em></strong></span> <span class='ocrx_word' id='word_1_109' title='bbox 625 2447 731 2523; x_wconf 78' lang='grc' dir='ltr'><strong>αὐτοὺς</strong></span> <span class='ocrx_word' id='word_1_110' title='bbox 749 2446 873 2539; x_wconf 76' lang='grc' dir='ltr'><strong>χρόνων,</strong></span> <span class='ocrx_word' id='word_1_111' title='bbox 889 2452 1032 2540; x_wconf 51' lang='grc' dir='ltr'><strong>Κλήμης]</strong></span> <span class='ocrx_word' id='word_1_112' title='bbox 1044 2474 1079 2515; x_wconf 79' lang='grc' dir='ltr'><strong>τε</strong></span> <span class='ocrx_word' id='word_1_113' title='bbox 1106 2449 1161 2516; x_wconf 84' lang='grc' dir='ltr'><strong>καὶ</strong></span> <span class='ocrx_word' id='word_1_114' title='bbox 1182 2442 1336 2545; x_wconf 62' lang='grc' dir='ltr'><strong>ΙἩγήσιπ-</strong></span> 
     </span>
     <span class='ocr_line' id='line_1_20' title="bbox 336 2564 1335 2665; baseline -0.001 -26"><span class='ocrx_word' id='word_1_115' title='bbox 336 2598 407 2658; x_wconf 79' lang='grc' dir='ltr'><strong>πος,</strong></span> <span class='ocrx_word' id='word_1_116' title='bbox 424 2564 532 2663; x_wconf 75' lang='grc' dir='ltr'>ἄνδρες</span> <span class='ocrx_word' id='word_1_117' title='bbox 547 2574 762 2665; x_wconf 78' lang='grc' dir='ltr'><strong>σοφώτατοι...</strong></span> <span class='ocrx_word' id='word_1_118' title='bbox 777 2568 940 2664; x_wconf 88' lang='lat' dir='ltr'><strong>Denique</strong></span> <span class='ocrx_word' id='word_1_119' title='bbox 956 2567 1101 2643; x_wconf 86' lang='lat' dir='ltr'><strong>Photius</strong></span> <span class='ocrx_word' id='word_1_120' title='bbox 1118 2593 1202 2643; x_wconf 90' lang='lat' dir='ltr'><strong>eum</strong></span> <span class='ocrx_word' id='word_1_121' title='bbox 1219 2568 1335 2639; x_wconf 88' lang='lat' dir='ltr'><strong>virum</strong></span> 
     </span>
     <span class='ocr_line' id='line_1_21' title="bbox 338 2690 1333 2792; baseline 0 -29"><span class='ocrx_word' id='word_1_122' title='bbox 338 2692 574 2791; x_wconf 88' lang='lat' dir='ltr'><strong>apostolicum</strong></span> <span class='ocrx_word' id='word_1_123' title='bbox 610 2690 793 2790; x_wconf 85' lang='lat' dir='ltr'><strong>appellans</strong></span> <span class='ocrx_word' id='word_1_124' title='bbox 824 2690 870 2765; x_wconf 90' lang='lat' dir='ltr'><strong>de</strong></span> <span class='ocrx_word' id='word_1_125' title='bbox 901 2693 1027 2788; x_wconf 92' lang='lat' dir='ltr'><strong>quinto</strong></span> <span class='ocrx_word' id='word_1_126' title='bbox 1058 2694 1333 2792; x_wconf 84' lang='lat' dir='ltr'><strong>Hegesippiano·</strong></span> 
     </span>
     <span class='ocr_line' id='line_1_22' title="bbox 340 2815 1335 2915; baseline 0.002 -27"><span class='ocrx_word' id='word_1_127' title='bbox 340 2836 420 2888; x_wconf 89' lang='lat' dir='ltr'><strong>rum</strong></span> <span class='ocrx_word' id='word_1_128' title='bbox 442 2821 669 2915; x_wconf 74' lang='grc' dir='ltr'>ὑπομνημάτων</span> <span class='ocrx_word' id='word_1_129' title='bbox 694 2815 787 2889; x_wconf 93' lang='lat' dir='ltr'><strong>libro</strong></span> <span class='ocrx_word' id='word_1_130' title='bbox 812 2816 1140 2915; x_wconf 80' lang='lat' dir='ltr'><strong>loquitur³..Tuceo</strong></span> <span class='ocrx_word' id='word_1_131' title='bbox 1164 2819 1254 2891; x_wconf 88' lang='lat' dir='ltr'><strong>alios</strong></span> <span class='ocrx_word' id='word_1_132' title='bbox 1279 2843 1335 2890; x_wconf 92' lang='lat' dir='ltr'><strong>re·</strong></span> 
     </span>
     <span class='ocr_line' id='line_1_23' title="bbox 337 2946 1334 3045; baseline -0.001 -28"><span class='ocrx_word' id='word_1_133' title='bbox 337 2946 505 3019; x_wconf 86' lang='lat' dir='ltr'><strong>centioris</strong></span> <span class='ocrx_word' id='word_1_134' title='bbox 533 2946 642 3018; x_wconf 85' lang='lat' dir='ltr'><strong>aetatis</strong></span> <span class='ocrx_word' id='word_1_135' title='bbox 670 2946 878 3043; x_wconf 86' lang='lat' dir='ltr'><strong>scriptores,</strong></span> <span class='ocrx_word' id='word_1_136' title='bbox 905 2946 968 3043; x_wconf 92' lang='lat' dir='ltr'><strong>qui</strong></span> <span class='ocrx_word' id='word_1_137' title='bbox 992 2946 1181 3044; x_wconf 90' lang='lat' dir='ltr'><strong>Hegesippi</strong></span> <span class='ocrx_word' id='word_1_138' title='bbox 1204 2947 1334 3045; x_wconf 85' lang='lat' dir='ltr'><strong>scripta</strong></span> 
     </span>
     <span class='ocr_line' id='line_1_24' title="bbox 336 3071 553 3143; baseline -0.009 0"><span class='ocrx_word' id='word_1_139' title='bbox 336 3071 553 3143; x_wconf 82' lang='lat' dir='ltr'><strong>collaudent.</strong></span> 
     </span>
    </p>
   </div>
   <div class='ocr_carea' id='block_1_6' title="bbox 337 3194 1335 3791">
    <p class='ocr_par' dir='ltr' id='par_1_6' title="bbox 337 3194 1335 3791">
     <span class='ocr_line' id='line_1_25' title="bbox 386 3194 1333 3292; baseline -0.001 -27"><span class='ocrx_word' id='word_1_140' title='bbox 386 3198 495 3266; x_wconf 85' lang='lat' dir='ltr'><strong>Suam</strong></span> <span class='ocrx_word' id='word_1_141' title='bbox 515 3254 519 3263; x_wconf 66' lang='lat'><strong>.</strong></span> <span class='ocrx_word' id='word_1_142' title='bbox 536 3194 702 3266; x_wconf 89' lang='lat' dir='ltr'><strong>videlicet</strong></span> <span class='ocrx_word' id='word_1_143' title='bbox 736 3219 855 3266; x_wconf 91' lang='lat' dir='ltr'><strong>rerum</strong></span> <span class='ocrx_word' id='word_1_144' title='bbox 893 3196 1110 3292; x_wconf 86' lang='lat' dir='ltr'><strong>optimarum</strong></span> <span class='ocrx_word' id='word_1_145' title='bbox 1151 3196 1333 3267; x_wconf 85' lang='lat' dir='ltr'><strong>scientiam</strong></span> 
     </span>
     <span class='ocr_line' id='line_1_26' title="bbox 341 3308 1334 3418; baseline 0 -27"><span class='ocrx_word' id='word_1_146' title='bbox 341 3308 544 3418; x_wconf 76' lang='lat' dir='ltr'><strong>ingeniique</strong></span> <span class='ocrx_word' id='word_1_147' title='bbox 569 3319 809 3417; x_wconf 72' lang='lat' dir='ltr'><strong>presentiam</strong></span> <span class='ocrx_word' id='word_1_148' title='bbox 831 3317 878 3389; x_wconf 83' lang='lat' dir='ltr'><strong>od</strong></span> <span class='ocrx_word' id='word_1_149' title='bbox 901 3320 1013 3415; x_wconf 88' lang='lat' dir='ltr'><strong>ipsius</strong></span> <span class='ocrx_word' id='word_1_150' title='bbox 1036 3320 1102 3391; x_wconf 90' lang='lat' dir='ltr'><strong>Dei</strong></span> <span class='ocrx_word' id='word_1_151' title='bbox 1130 3319 1278 3416; x_wconf 81' lang='lat' dir='ltr'><strong>gloriam</strong></span> <span class='ocrx_word' id='word_1_152' title='bbox 1297 3335 1334 3391; x_wconf 87' lang='lat' dir='ltr'><strong>et</strong></span> 
     </span>
     <span class='ocr_line' id='line_1_27' title="bbox 340 3443 1333 3543; baseline -0.002 -26"><span class='ocrx_word' id='word_1_153' title='bbox 340 3447 477 3543; x_wconf 90' lang='lat' dir='ltr'><strong>generis</strong></span> <span class='ocrx_word' id='word_1_154' title='bbox 499 3443 649 3516; x_wconf 85' lang='lat' dir='ltr'><strong>humani</strong></span> <span class='ocrx_word' id='word_1_155' title='bbox 675 3443 828 3515; x_wconf 79' lang='lat' dir='ltr'><strong>fructum</strong></span> <span class='ocrx_word' id='word_1_156' title='bbox 857 3443 1021 3516; x_wconf 86' lang='lat' dir='ltr'><strong>conferre</strong></span> <span class='ocrx_word' id='word_1_157' title='bbox 1046 3445 1107 3516; x_wconf 57' lang='lat' dir='ltr'><strong>vir.</strong></span> <span class='ocrx_word' id='word_1_158' title='bbox 1128 3459 1270 3517; x_wconf 87' lang='lat' dir='ltr'><strong>sanctus</strong></span> <span class='ocrx_word' id='word_1_159' title='bbox 1296 3445 1333 3515; x_wconf 88' lang='lat' dir='ltr'><strong>in</strong></span> 
     </span>
     <span class='ocr_line' id='line_1_28' title="bbox 337 3567 1335 3666; baseline -0.002 -25"><span class='ocrx_word' id='word_1_160' title='bbox 337 3584 457 3641; x_wconf 88' lang='lat' dir='ltr'><strong>mente</strong></span> <span class='ocrx_word' id='word_1_161' title='bbox 477 3568 619 3658; x_wconf 85' lang='lat' dir='ltr'><strong>babuit,</strong></span> <span class='ocrx_word' id='word_1_162' title='bbox 639 3567 829 3640; x_wconf 88' lang='lat' dir='ltr'><strong>scribendo</strong></span> <span class='ocrx_word' id='word_1_163' title='bbox 846 3570 1122 3641; x_wconf 87' lang='lat' dir='ltr'><strong>commentarios</strong></span> <span class='ocrx_word' id='word_1_164' title='bbox 1143 3570 1180 3640; x_wconf 87' lang='lat' dir='ltr'><strong>in</strong></span> <span class='ocrx_word' id='word_1_165' title='bbox 1204 3569 1335 3666; x_wconf 88' lang='lat' dir='ltr'><strong>quibus</strong></span> 
     </span>
     <span class='ocr_line' id='line_1_29' title="bbox 341 3693 1331 3791; baseline -0.002 -24"><span class='ocrx_word' id='word_1_166' title='bbox 341 3693 564 3768; x_wconf 90' lang='lat' dir='ltr'><strong>uberioribus</strong></span> <span class='ocrx_word' id='word_1_167' title='bbox 596 3694 837 3791; x_wconf 83' lang='lat' dir='ltr'><strong>argumentis,</strong></span> <span class='ocrx_word' id='word_1_168' title='bbox 870 3717 980 3789; x_wconf 85' lang='lat' dir='ltr'><strong>quam</strong></span> <span class='ocrx_word' id='word_1_169' title='bbox 1010 3695 1127 3766; x_wconf 83' lang='lat' dir='ltr'><strong>caeteri</strong></span> <span class='ocrx_word' id='word_1_170' title='bbox 1156 3695 1331 3785; x_wconf 84' lang='lat' dir='ltr'><strong>fecissent,</strong></span> 
     </span>
    </p>
   </div>
   <div class='ocr_carea' id='block_1_7' title="bbox 374 3891 1071 4058">
    <p class='ocr_par' dir='ltr' id='par_1_7' title="bbox 374 3891 1071 4058">
     <span class='ocr_line' id='line_1_30' title="bbox 375 3891 1071 3970; baseline -0.003 -18"><span class='ocrx_word' id='word_1_171' title='bbox 375 3894 384 3927; x_wconf 93' lang='lat'><strong>¹</strong></span> <span class='ocrx_word' id='word_1_172' title='bbox 408 3893 527 3952; x_wconf 87' lang='lat' dir='ltr'><strong>Hieron.</strong></span> <span class='ocrx_word' id='word_1_173' title='bbox 546 3895 583 3948; x_wconf 87' lang='lat' dir='ltr'><strong>de</strong></span> <span class='ocrx_word' id='word_1_174' title='bbox 599 3894 674 3949; x_wconf 76' lang='lat' dir='ltr'><strong>Viris</strong></span> <span class='ocrx_word' id='word_1_175' title='bbox 687 3891 817 3948; x_wconf 83' lang='lat' dir='ltr'><strong>illustrib.</strong></span> <span class='ocrx_word' id='word_1_176' title='bbox 822 3933 832 3960; x_wconf 92' lang='lat'><strong>,</strong></span> <span class='ocrx_word' id='word_1_177' title='bbox 847 3912 872 3948; x_wconf 92' lang='lat' dir='ltr'><strong>c.</strong></span> <span class='ocrx_word' id='word_1_178' title='bbox 887 3912 961 3965; x_wconf 85' lang='lat' dir='ltr'><strong>xxu,</strong></span> <span class='ocrx_word' id='word_1_179' title='bbox 976 3912 1005 3970; x_wconf 87' lang='lat' dir='ltr'><strong>p.</strong></span> <span class='ocrx_word' id='word_1_180' title='bbox 1022 3894 1071 3951; x_wconf 82' lang='lat'><strong>89.</strong></span> 
     </span>
     <span class='ocr_line' id='line_1_31' title="bbox 374 3986 922 4058; baseline -0.007 -10"><span class='ocrx_word' id='word_1_181' title='bbox 374 3988 385 4020; x_wconf 83' lang='lat'>²</span> <span class='ocrx_word' id='word_1_182' title='bbox 404 3993 517 4048; x_wconf 84' lang='lat' dir='ltr'><strong>Sozcm.</strong></span> <span class='ocrx_word' id='word_1_183' title='bbox 534 3990 610 4045; x_wconf 83' lang='lat' dir='ltr'><strong>Hist.</strong></span> <span class='ocrx_word' id='word_1_184' title='bbox 627 3992 737 4057; x_wconf 64' lang='lat' dir='ltr'><strong>eccles„</strong></span> <span class='ocrx_word' id='word_1_185' title='bbox 753 3986 803 4045; x_wconf 90' lang='lat' dir='ltr'><strong>lib.</strong></span> <span class='ocrx_word' id='word_1_186' title='bbox 819 3991 844 4058; x_wconf 92' lang='lat' dir='ltr'><strong>I,</strong></span> <span class='ocrx_word' id='word_1_187' title='bbox 859 4007 884 4045; x_wconf 89' lang='lat' dir='ltr'><strong>c.</strong></span> <span class='ocrx_word' id='word_1_188' title='bbox 901 4009 922 4044; x_wconf 92' lang='lat'><strong>1.</strong></span> 
     </span>
    </p>
   </div>
   <div class='ocr_carea' id='block_1_8' title="bbox 375 4084 814 4162">
    <p class='ocr_par' dir='ltr' id='par_1_8' title="bbox 375 4084 814 4162">
     <span class='ocr_line' id='line_1_32' title="bbox 375 4084 814 4162; baseline -0.009 -19"><span class='ocrx_word' id='word_1_189' title='bbox 375 4084 385 4116; x_wconf 84' lang='lat'><strong>³</strong></span> <span class='ocrx_word' id='word_1_190' title='bbox 405 4084 488 4143; x_wconf 88' lang='lat' dir='ltr'><strong>Phot.</strong></span> <span class='ocrx_word' id='word_1_191' title='bbox 504 4084 683 4154; x_wconf 68' lang='lat' dir='ltr'><strong>bibliothec,</strong></span> <span class='ocrx_word' id='word_1_192' title='bbox 698 4103 727 4162; x_wconf 89' lang='lat' dir='ltr'><strong>p.</strong></span> <span class='ocrx_word' id='word_1_193' title='bbox 745 4085 814 4140; x_wconf 72' lang='lat'><strong>232.</strong></span> 
     </span>
    </p>
   </div>
   <div class='ocr_carea' id='block_1_9' title="bbox 0 0 1562 4960">
    <p class='ocr_par' dir='ltr' id='par_1_9' title="bbox 0 0 1562 4960">
     <span class='ocr_line' id='line_1_33' title="bbox 0 0 1562 4960; baseline 0 1"><span class='ocrx_word' id='word_1_194' title='bbox 0 0 1562 4960; x_wconf 95' lang='lat' dir='ltr'><strong> </strong></span> 
     </span>
    </p>
   </div>
  </div>
 </body>
</html>
