3114 4960
665 627 950 716 APPENDIX

508 810 705 879 εικεεειε
746 809 1109 881 εεεεειεειννπ

533 990 674 1041 iusim
685 992 860 1042 fflssssiffl
872 992 1087 1041 (imum.

361 1322 439 1388 Haec
458 1318 587 1390 sincera
598 1321 779 1417 Hegesippi
797 1320 983 1416 fragmenta
1001 1343 1144 1389 numero
1159 1319 1310 1388 auctiora

313 1457 347 1514 et
361 1441 491 1512 meliori
502 1443 622 1513 ordine
641 1442 781 1540 digesta,
808 1459 846 1514 ut
863 1443 1081 1538 disputationi
1102 1441 1239 1512 tandem
1253 1467 1311 1510 ne·

313 1570 467 1658 cessaria,
487 1569 543 1638 hic
555 1568 769 1662 subjecimus.

666 1740 905 1788 FRAGMENTUM
932 1745 958 1787 1.

563 1867 615 1928 (Ex
627 1867 741 1927 Eusebio,
752 1869 795 1916 lib.
808 1865 839 1915 lv
850 1866 961 1927 umor„
973 1880 995 1916 ο.
1009 1869 1081 1927 nu.)

76 1990 287 2091 ”gaeoffifflggegff
365 1995 449 2055 Ησαν
469 1986 502 2055 δὲ
518 1998 635 2082 γνῶμαι
653 1986 791 2082 ῦιοίροροι
805 1989 834 2054 ἐν
850 1998 887 2079 τῇ
903 1997 1047 2080 περιτομῇ
1066 1989 1095 2055 ἐν
1111 1990 1187 2065 υἱοῖς
1202 1972 1312 2080 Ῐσροιῦλ

316 2117 375 2175 τῶν
389 2111 469 2174 κατόι
485 2117 538 2185 τῆς
553 2109 645 2201 φυλῆς
658 2093 749 2174 ἰούδα
763 2110 881 2173 καὶτοῦ
895 2112 1027 2198 Χριστοῦ
1044 2098 1151 2173 αῦται·
1167 2087 1311 2172 Ε’ἶσσαῖοι·

317 2226 486 2292 Γαλιλαῖοι·
500 2207 777 2318 ίίμεροῦαπτισταί·
793 2223 1004 2291 Μασῦωθαῖοι·
1019 2230 1218 2315 Σαμαρεῖται·
1234 2217 1313 2288 Σαδ-

319 2340 469 2411 δουκαῖοι·
489 2350 669 2436 Φαρισαῖοι.

654 2505 893 2553 FRAGMENTUM
922 2506 964 2552 11.

551 2633 602 2696 (Ex
612 2631 727 2694 Eusebio,
739 2635 782 2683 ub.
792 2631 815 2682 11
828 2632 926 2683 Ηῖεῖοτ.
936 2667 944 2692 ,
955 2645 977 2681 ε.
991 2632 1071 2693 xxm.)

80 2757 294 2867 ‚figoffifggffiffi
370 2750 554 2844 Διαδέχεται
579 2752 614 2821 δέ
641 2756 693 2827 niv
715 2755 877 2828 ἐκκλησίαν
901 2757 978 2843 μετὰ
1000 2762 1059 2820 τῶν
1080 2753 1274 2838 ἀποστόλων,
1302 2755 1318 2818 ό

79 2866 294 2921 Hierosolymimno-

103 2933 152 2966 rum
161 2918 269 2977 episcopi.
322 2870 451 2966 ἀδελφὸς
467 2878 519 2940 τοῦ
538 2877 648 2968 Κυρίου
666 2858 818 2960 ἰοίκωόος,
838 2874 1047 2961 ὁόνομασθείς
1063 2870 1120 2938 ὑπὸ
1136 2874 1254 2938 πάντων
1272 2867 1319 2936 δί-

322 3019 409 3068 καιος
425 2994 485 3059 ἀπὸ
506 3001 565 3060 τῶν
586 2999 638 3060 τοῦ
660 2997 771 3086 Κυρίου
791 2993 906 3084 χρόνων
930 2990 1020 3084 μέχρι
1043 2993 1095 3056 καί
1122 2994 1219 3079 ἡμῶν.
1244 2971 1316 3056 linei

322 3112 425 3177 πολλοὶ
443 3096 572 3177 ίοίκωόοι
589 3111 762 3179 ἐκαλοῦντο·
785 3103 870 3187 οὗτος
888 3107 922 3176 δὲ
941 3110 975 3175 ἐκ
996 3109 1113 3186 κοιλίας
1129 3110 1240 3200 μητρὸς
1259 3108 1319 3173 αῦ-

322 3232 375 3292 τοῦ
395 3228 484 3319 οἰριος
505 3224 554 3299 ἦν.
576 3224 664 3293 Οἰνου
685 3231 737 3294 καί
762 3230 872 3319 σίκερα
894 3227 948 3293 οῦκ
969 3230 1067 3312 ἔπιεν,
1094 3223 1164 3292 οὐδὲ
1185 3225 1320 3314 ἔμψυχον

324 3349 428 3438 ἕῳαγε·
448 3342 534 3437 ξυρόν
554 3347 600 3412 ε’πί
616 3346 668 3416 τὴν
686 3344 817 3437 κεῳαλὴν
835 3343 928 3410 αῦτοῦ
950 3344 1004 3409 οῦκ
1023 3342 1126 3416 οἰνέῦη·
1148 3344 1248 3409 ἔλαιον
1266 3343 1321 3409 οῦκ

323 3461 468 3551 ἠλείψατο
482 3466 534 3530 καί
554 3459 706 3550 βαλανείῳ
725 3462 781 3527 οῦκ
799 3461 966 3555 ἐχρήσατο.
985 3461 1086 3549 Τούτῳ
1104 3463 1184 3549 μόνῳ
1201 3457 1266 3537 ἐξῆν
1279 3465 1321 3536 εἰς

324 3582 363 3646 τόι
377 3581 452 3673 οἰρια
468 3582 605 3648 εἰσιέναι.
623 3577 703 3648 Οῦῦέ
718 3575 810 3673 (γὰρ)
825 3580 924 3674 ἐρεοῦν
941 3581 1057 3673 ἐφόρει,
1073 3580 1153 3645 οἰλλόι
1165 3575 1319 3655 σινδόνας.

325 3701 383 3766 Καὶ
401 3701 490 3788 μόνος
507 3702 664 3791 εἰσήρχετο
683 3704 725 3777 εἰς
740 3702 790 3765 τὸν
801 3701 883 3765 ναόν·
901 3696 1060 3789 ηῦρίσκετό
1074 3722 1105 3762 τε
1124 3700 1257 3785 κείμενος
1271 3696 1317 3763 ἐπὶ

324 3826 387 3894 τοῖς
402 3819 529 3909 γόνασι,
543 3818 595 3881 καί
615 3816 788 3905 αἰτούμενος
800 3815 874 3907 ὑπὲρ
892 3820 944 3882 τοῦ
962 3816 1037 3882 λαοῦ
1055 3822 1173 3906 αἰρεσιν·
1195 3816 1236 3891 ὡς
1253 3817 1323 3880 ἀπε-

326 3936 486 4007 σκληκέναι
513 3938 553 4000 τόι
576 3937 691 4027 γόνατα
718 3935 810 4001 αῦτοῦ
837 3930 922 4006 δίκην
949 3933 1106 4021 καμήλου,
1137 3930 1190 3998 όιόι
1212 3935 1245 3998 τὸ
1273 3935 1319 3998 οἰεί

326 4058 471 4142 κοίμπτειυ
494 4055 539 4121 ε’πί
570 4056 642 4144 γόνυ
667 4058 889 4144 προσκυνοῦντα
912 4061 955 4137 τῷ
986 4054 1062 4139 θεῷ,
1089 4054 1141 4116 καί
1170 4056 1322 4119 αἰτεῖσθαι
