3114 4960
610 462 805 528 ...24-

216 623 251 680 et
271 634 314 680 ex
335 611 525 681 sozomeni
545 610 824 707 Hieronymique
837 610 965 683 'verbis
986 610 1204 705 audivimus,

216 749 412 806 nostruma
425 735 646 832 temporibus
660 736 906 834 apostolorum
918 762 1031 835 usque
1047 737 1094 809 ad
1107 764 1206 810 suam

215 871 366 946 aetatem,
381 864 638 935 ἑκκλησιαστικῶν
644 857 778 956 πράξεων
787 868 1004 956 ὑπομνήματα,
1014 860 1214 955 scripsisse!

217 984 266 1050 Ex
284 982 372 1079 ipsis'
389 980 549 1071 tandem,
568 1007 647 1078 quae
669 998 859 1081 supersunt
877 984 1094 1080 fragmentis,
1113 999 1211 1056 extra

216 1131 326 1178 omne
344 1105 493 1177 dubium
505 1122 571 1198 est,
588 1106 688 1179 illum
701 1110 879 1179 variarum
895 1107 1123 1181 ecclesiarum
1140 1109 1213 1180 his·

217 1232 327 1303 torias
344 1231 507 1328 attigisse.
534 1236 615 1303 Haec
630 1232 736 1328 igitur
761 1231 828 1302 sibi
840 1231 1004 1303 uoluerit
1023 1232 1209 1324 Eusebius,

219 1362 356 1453 nempe
369 1380 407 1427 se
424 1354 580 1427 uberiori
597 1355 800 1427 narratione
820 1380 876 1427 res
901 1355 1043 1428 easdem
1061 1357 1211 1454 prescri-

218 1478 303 1552 bere
320 1504 535 1578 aggressum.

266 1605 366 1678 Illam
382 1619 502 1677 autem
519 1603 719 1703 apostolicae
736 1605 996 1704 praedicationis
1011 1604 1210 1697 historiam,
1255 1644 1323 1690 Quem
1339 1637 1433 1684 omna
1542 1630 1543 1637 ’

218 1755 292 1827 quo
329 1730 548 1828 Hegesippus
573 1729 787 1826 disposuerit
809 1728 936 1799 ordine
961 1753 1003 1798 ex
1026 1742 1126 1825 parte
1144 1753 1212 1799 nos
1242 1693 1440 1800 recupppgpe«

220 1854 344 1926 eadem
386 1868 548 1925 veterum
586 1853 789 1923 testimonia
829 1851 1007 1940 docuere;
1043 1851 1211 1941 Eusebii,

220 1978 438 2073 Hieronymi,
455 1975 641 2071 Photiique
654 1973 763 2045 verba
773 1988 888 2046 toturn
898 1998 989 2073 opus
1001 1976 1038 2046 in
1050 1977 1212 2073 quinque

220 2103 329 2174 libros
347 2100 469 2172 datum
482 2099 705 2171 ostendunt¹.
726 2099 887 2195 Longius
897 2124 981 2170 vcro
996 2103 1219 2197 processuris¹

220 2229 255 2298 in
274 2228 395 2323 ignota
407 2226 463 2296 via
481 2224 590 2296 duces
605 2224 747 2295 desunt.

268 2352 508 2449 Hegesippum
535 2364 654 2421 tamen
681 2373 754 2420 non
776 2364 939 2421 accurate
962 2375 1080 2421 rerum
1104 2365 1218 2446 gesta-¹

221 2502 299 2547 rum
319 2491 482 2574 tempora
500 2499 542 2546 ex
562 2474 690 2545 ordine
716 2475 754 2544 in
777 2472 925 2545 historia
944 2499 1020 2546 esse
1035 2494 1214 2572 ‘prosecu-

221 2617 296 2673 tum
320 2599 420 2671 facile
435 2600 593 2688 credent,
614 2599 676 2696 qui
691 2607 899 2694 ὑπομνήματα
911 2599 1085 2695 usquead
1102 2604 1214 2670 Com-

222 2723 335 2795 modi
351 2737 513 2821 tempora
542 2721 695 2793 deducta
723 2722 883 2794 videntes
895 2726 918 2812 ¹,
948 2724 1074 2795 ultimo
1105 2724 1214 2795 totius

220 2847 338 2944 operis
354 2845 445 2917 libro
465 2845 587 2919 Jacobi
603 2860 769 2934 mortem,
783 2848 999 2943 Vespasiano
1016 2848 1213 2944 imperante

220 2972 297 3042 viro
311 2986 433 3043 sancto
450 2996 471 3043 a
486 2970 615 3042 Judaeis
631 2969 777 3057 illatam,
792 2967 967 3064 legerint³.

268 3095 320 3167 Ad
340 3094 483 3167 dicendi
500 3118 611 3191 genus
632 3091 729 3190 quod
747 3093 872 3163 attinet
888 3092 934 3163 ab
950 3091 1076 3164 iisdem
1093 3109 1219 3167 aucto-¹
1295 3127 1397 3179 atumem

220 3218 317 3290 ribus
345 3219 556 3317 accipimus,
586 3241 739 3314 quorum
769 3215 877 3288 fidem
911 3218 988 3317 ipsa
1019 3218 1215 3315 fragmenta
1260 3178 1432 3235 d'oend'fflm'

219 3342 452 3430 confirmant,
467 3340 569 3412 illum
587 3364 661 3411 uon
681 3339 794 3428 elato,
821 3363 896 3410 non
914 3339 1121 3430 ambitioso,
1147 3343 1212 3412 sed

218 3467 318 3564 quod
327 3466 558 3538 christianum
566 3464 727 3553 decebat,
740 3464 891 3563 simplici
903 3463 994 3561 stylo
1008 3479 1044 3536 et
1055 3464 1101 3536 ab
1113 3467 1213 3536 omui

219 3591 306 3663 fastu
325 3590 564 3662 remotissimo
582 3612 688 3660 usum
702 3586 820 3658 fuisse.
838 3592 921 3658 Haec
937 3588 1121 3680 Eusebius,
1137 3589 1213 3660 haec

259 3827 268 3860 ¹
288 3827 351 3886 Vid.
367 3847 466 3907 supra,
481 3848 511 3907 p.
530 3831 567 3884 17
582 3838 610 3885 et
624 3826 699 3884 suiv.

258 3923 269 3956 ²
287 3922 351 3980 Vid.
368 3942 467 4002 supra,
482 3945 511 4002 p.
530 3926 577 3981 tt.

257 4017 391 4076 'Euseb
427 4022 500 4076 Hist.
529 4024 639 4088 eccles„
670 4017 720 4077 lib.
750 4021 796 4089 Il,
824 4039 849 4075 c.
881 4023 919 4079 23
954 4017 1047 4093 (Edit.
1078 4016 1212 4090 Vates),

219 4135 246 4196 p.
266 4116 316 4186 63,
332 4117 382 4185 64,
398 4117 446 4171 65.
