3114 4960
642 402 837 471 ..55-

241 562 344 648 οίρεσιν
366 565 408 645 τῷ
431 557 511 647 λαῷ.
535 560 593 623 Διὰ
615 557 696 649 γε’τοι
717 560 769 630 τὴν
786 557 950 651 ῦπιρθολην
969 570 1022 638 τῆς
1039 556 1234 638 δικαιοσύνης

241 672 332 739 αῦτοῦ
349 673 486 742 ἐκαλεῖτο
504 672 622 753 δίκαιος
639 680 691 742 καί
711 656 838 754 ίλόλίας.
858 654 885 747 (λ
903 676 983 744 ἐστιν
1000 659 1159 751 Ιίλληνιστὶ
1175 688 1232 746 πε-

238 793 328 881 ριοχὴ
350 798 403 858 τοῦ
423 793 573 860 λαοῦίιαί
597 790 789 871 δικαιοσύνη.
815 774 856 871 ίλς
880 794 907 860 σί
932 788 1081 887 προφῆται
1106 791 1232 867 δηλοῦσι

237 912 303 1002 περί
321 911 429 978 αὐτοῦ.
447 911 530 990 Τινὲς
552 906 602 980 οῦν
623 921 682 980 τῶν
703 913 779 983 ἑπτὰ
797 913 941 1006 αἱρέσεων
957 921 1017 980 τῶν
1040 914 1070 981 ἐν
1087 923 1132 1003 τῷ
1147 915 1231 1003 λαῷ,

237 1036 296 1094 τῶν
311 1031 580 1123 προγεγραμμένων
597 1057 648 1120 μοι
668 1031 698 1097 ἐν
713 1041 777 1107 τοῖς
797 1031 1021 1119 ὑπομνήμασιν,
1040 1031 1234 1100 ἐπυνθάνοντο

238 1147 332 1213 αῦτοῦ
347 1150 424 1225 τίςὴ
442 1148 518 1242 θύρα
533 1155 586 1216 τοῦ
600 1134 703 1223 Ῐησοῦ.
718 1152 777 1216 Καὶ
796 1150 880 1242 ἔλεγε
896 1153 1000 1216 τοῦτον
1016 1145 1094 1216 εἶναι
1110 1140 1235 1219 τόνΣω-

238 1273 327 1358 τῆρα.
345 1247 388 1345 Ιθξ
402 1260 444 1333 ῶν
460 1271 537 1347 τίνες
557 1269 750 1355 ἐπίστευσαν,
772 1269 817 1336 ότι
834 1253 940 1346 ίησοῦς
957 1268 1038 1335 ἐστίν
1052 1269 1069 1334 ό
1085 1271 1231 1361 Χριστός.

238 1384 274 1448 Αἱ
306 1381 340 1450 δὲ
368 1385 500 1479 αἱρέσεις
520 1388 552 1453 αἱ
574 1387 784 1480 προειρημέναι
807 1387 861 1454 οῦκ
883 1386 1037 1454 ε’πίστευον
1066 1389 1133 1454 οῦτε
1153 1390 1233 1455 ἀνά·

237 1526 345 1569 στασιν
363 1506 430 1570 οὔτε
444 1504 602 1596 ἐρχόμενον
620 1501 788 1572 ἀποδοῦναι
801 1504 921 1592 ἑκαστῷ
932 1507 1014 1573 κατὰ
1028 1507 1069 1570 τά
1086 1508 1161 1598 ἔργα
1177 1506 1234 1571 αῦ-

236 1626 302 1686 τοῦ.
321 1599 398 1688 ὅσοι
412 1618 446 1688 δὲ
463 1625 515 1688 καί
532 1624 725 1709 ἐπίστευσαν,
745 1620 799 1690 διὰ
815 1608 962 1690 λάκωόον.
981 1623 1102 1690 Πολλῶν
1115 1617 1166 1690 οῦν
1179 1627 1231 1691 καὶ

235 1747 294 1809 τῶν
319 1744 474 1832 ἀρχόντων
494 1744 705 1827 πιστευόντων,
728 1740 764 1815 ἦν
788 1740 913 1833 θόρυόος
934 1749 994 1808 τῶν
1014 1725 1160 1807 Ῑουδαίων
1179 1746 1231 1808 καί

236 1859 438 1948 γραμματέων
453 1863 506 1927 καί
524 1864 702 1951 Φαρισαίων
722 1861 880 1951 λεγόντων,
901 1858 946 1925 ὅτι
963 1855 1125 1925 κινδυνεύει
1139 1861 1231 1936 πᾶςὸ

234 1975 308 2053 λαὸς
319 1962 425 2049 ίησοῦν
437 1980 489 2044 τόν
505 1980 634 2070 Χριστὸν
644 1975 832 2072 προσδοκᾷν.
848 1954 961 2069 θλεγον
976 1970 1027 2045 οῦν
1043 1978 1231 2056 συνελθόντες

234 2104 277 2183 τῷ
287 2079 426 2184 Ῐακῶόῳ·
443 2096 677 2189 παρακαλοῦμεν
694 2115 740 2163 σε·
756 2098 880 2186 ἐπίσχες
895 2098 946 2162 τὸν
956 2096 1042 2181 λαόν,
1059 2096 1120 2162 ἐπεὶ
1139 2098 1231 2164 ἐπλα-

235 2215 308 2285 νήθη
320 2217 364 2290 εἰς
379 2197 498 2299 ίησοῦν,
518 2216 559 2288 ὡς
577 2215 670 2282 αὐτοῦ
686 2222 769 2292 ὄντος
786 2221 839 2281 τοῦ
856 2221 1007 2306 Χριστοῦ,
1026 2217 1229 2307 παρακαλοῦ-

234 2332 287 2417 μέν
314 2355 348 2397 σε
378 2343 482 2407 πεῖσαι
507 2337 624 2411 πάντας
647 2333 716 2411 τοῦς
742 2333 882 2409 ἐλθόντας
905 2337 947 2409 εἰς
968 2335 1021 2404 τὴν
1042 2334 1156 2425 ἡμέραν
1175 2341 1228 2400 τοῦ

233 2453 343 2540 πάσχα
363 2453 428 2544 περί
450 2436 552 2524 ίησοῦ.
574 2455 625 2518 Σοί
647 2456 707 2546 γὰρ
725 2456 833 2529 πάντες
852 2454 1030 2540 πειθόμεθα.
1054 2430 1146 2541 [θμεῖς
1168 2456 1227 2545 γὰρ

233 2567 440 2660 μαρτυροῦμεν
460 2593 509 2635 σοι
532 2571 584 2634 καί
608 2571 704 2648 πᾶςδ
729 2571 819 2653 λαός,
841 2568 886 2636 ὅτι
904 2566 1024 2646 δίκαιος
1045 2566 1089 2655 εἷ,
1108 2573 1160 2635 καί
1182 2570 1227 2637 ὅτι

231 2687 390 2776 πρόσωπον
407 2686 441 2751 οῦ
456 2685 633 2774 λαμθάνεις.
650 2693 756 2755 Πεῖσον
770 2679 820 2752 οῦν
833 2686 870 2751 σὺ
887 2687 936 2753 τὸν
949 2686 1041 2776 όχλον
1057 2690 1122 2780 περὶ
1136 2671 1226 2759 ίησοῦ

231 2804 273 2890 μὴ
289 2803 478 2869 πλανᾶσθαι.
500 2806 559 2869 Καὶ
580 2807 640 2895 γὰρ
657 2813 717 2881 πᾶς
736 2804 751 2869 ὁ
772 2804 847 2881 λαὸς
864 2806 917 2869 καὶ
933 2807 1042 2881 πάντες
1063 2806 1226 2892 πειθόμεθά

231 2947 293 2993 σοι.
312 2929 402 3001 Στήθι
426 2919 476 2992 σύν
492 2926 540 2992 ἐπὶ
564 2927 598 2991 τό
614 2925 770 3017 πτερύγιον
786 2931 839 2991 τοῦ
861 2926 961 3015 ίεροῦ,
987 2926 1036 2990 ίνα
1057 2929 1169 2991 άνωθον
1189 2923 1225 3015 ᾗς

230 3044 390 3136 ἐπιμανής,
409 3049 460 3111 καὶ
479 3042 499 3136 ᾖ
517 3046 671 3117 εῦοίκονσοί
688 3068 744 3111 σον
766 3047 805 3109 τὰ
826 3047 948 3135 ῥήματα
969 3045 1056 3108 παντὶ
1078 3052 1122 3130 τῷ
1142 3044 1221 3131 λαῷ.

229 3165 287 3227 Διὰ
300 3165 362 3254 γὰρ
383 3164 417 3228 τὸ
435 3166 545 3252 πάσχα
565 3161 782 3234 συνεληλύθασι
799 3171 898 3227 πᾶσαι
917 3162 949 3227 αἱ
969 3159 1060 3252 ρύλαι
1077 3162 1154 3247 μετὰ
1169 3164 1221 3225 καί

229 3286 286 3342 τῶν
309 3278 409 3344 ἐθνῶν.
438 3255 579 3351 ῦστησαν
602 3272 653 3345 οῦν
674 3279 703 3344 οἱ
726 3277 930 3370 προειρημένοι
953 3285 1144 3368 γραμματεῖς
1169 3280 1222 3343 καί

229 3400 393 3486 Φαρισαῖοι
404 3398 454 3461 τὸν
468 3380 601 3463 ίάκωθον
613 3396 659 3461 ἐπὶ
677 3397 710 3461 τό
724 3395 880 3488 πτερύγιον
893 3400 945 3460 τοῦ
958 3398 1048 3478 ναοῦ,
1065 3397 1117 3457 καί
1131 3397 1223 3485 ἔκρα-

229 3511 282 3590 ξαν
304 3513 387 3602 αὐτῷ
403 3517 455 3579 καὶ
476 3511 569 3580 εἷπον·
591 3511 691 3579 δίκαιε
708 3508 733 3602 ᾧ
753 3517 861 3590 πάντες
882 3515 1036 3578 πείθεσθαι
1053 3513 1217 3602 ὀφείλομεν,

228 3633 289 3699 ἐπεὶ
306 3634 320 3698 ὃ
336 3632 409 3710 λαὸς
423 3633 574 3699 πλανᾶται
588 3633 683 3698 ὀπίσω
696 3617 786 3704 ίησοῦ
799 3638 852 3699 τοῦ
864 3629 1098 3721 σταυρωθέντος,
1119 3633 1220 3721 ἀπάγ-

227 3748 324 3839 γειλον
341 3751 411 3837 ἡμῖν
428 3751 472 3824 τίς
490 3750 509 3819 ἡ
527 3747 602 3839 θύρα
618 3754 670 3813 τοῦ
686 3732 788 3820 λησοῦ.
805 3751 863 3813 Καὶ
879 3748 1058 3837 ἀπεκρίνατο
1074 3754 1154 3836 φωνῇ
1168 3771 1221 3832 με·

227 3867 318 3957 γάλῃ·
339 3871 368 3931 τί
384 3894 420 3955 με
438 3868 603 3959 ἐπερωτᾱτε
620 3869 684 3955 περὶ
705 3851 793 3939 θησοῦ
814 3872 866 3930 τοῦ
888 3866 953 3929 υἱοῦ
970 3870 1022 3930 τοῦ
1042 3867 1216 3954 ἀνθρώπου;

227 3987 278 4049 καὶ
296 3985 385 4061 αὐτὸς
401 3990 529 4059 κάθηται
548 3986 576 4051 ἐν
592 3995 633 4074 τῷ
651 3985 765 4077 οὐρανῷ
783 3985 815 4049 ἐκ
833 3981 936 4060 δεξιῶν
949 3993 1001 4059 τῆς
1017 3982 1150 4073 μεγάλης
1168 3976 1217 4046 δυ·
