<?xml version="1.0" encoding="UTF-8"?>
<!DOCTYPE html PUBLIC "-//W3C//DTD XHTML 1.0 Transitional//EN"
    "http://www.w3.org/TR/xhtml1/DTD/xhtml1-transitional.dtd">
<html xmlns="http://www.w3.org/1999/xhtml" xml:lang="en" lang="en">
 <head>
  <title>
</title>
<meta http-equiv="Content-Type" content="text/html;charset=utf-8" />
  <meta name='ocr-system' content='tesseract 3.04.00' />
  <meta name='ocr-capabilities' content='ocr_page ocr_carea ocr_par ocr_line ocrx_word'/>
</head>
<body>
  <div class='ocr_page' id='page_1' title='image "./dehegesippodisq00lavigoog_0067.png"; bbox 0 0 3114 4960; ppageno 0'>
   <div class='ocr_carea' id='block_1_1' title="bbox 731 392 926 463">
    <p class='ocr_par' dir='ltr' id='par_1_1' title="bbox 731 392 926 463">
     <span class='ocr_line' id='line_1_1' title="bbox 731 392 926 463; baseline 0.01 -19"><span class='ocrx_word' id='word_1_1' title='bbox 731 392 926 463; x_wconf 79' lang='grc'>...58-</span> 
     </span>
    </p>
   </div>
   <div class='ocr_carea' id='block_1_2' title="bbox 376 524 1325 642">
    <p class='ocr_par' dir='ltr' id='par_1_2' title="bbox 376 524 1325 642">
     <span class='ocr_line' id='line_1_2' title="bbox 376 524 1325 642; baseline 0.005 -30"><span class='ocrx_word' id='word_1_2' title='bbox 376 524 527 638; x_wconf 75' lang='grc' dir='ltr'>Ιλρχοντοιι</span> <span class='ocrx_word' id='word_1_3' title='bbox 541 541 591 613; x_wconf 82' lang='grc' dir='ltr'>ούν</span> <span class='ocrx_word' id='word_1_4' title='bbox 607 551 659 615; x_wconf 79' lang='grc' dir='ltr'>καί</span> <span class='ocrx_word' id='word_1_5' title='bbox 672 553 870 641; x_wconf 83' lang='grc' dir='ltr'>προηγοῦνται</span> <span class='ocrx_word' id='word_1_6' title='bbox 888 553 989 625; x_wconf 81' lang='grc' dir='ltr'>πάσης</span> <span class='ocrx_word' id='word_1_7' title='bbox 1004 549 1168 626; x_wconf 86' lang='grc' dir='ltr'>ἐκκλησίας</span> <span class='ocrx_word' id='word_1_8' title='bbox 1181 550 1222 626; x_wconf 85' lang='grc' dir='ltr'>ὡς</span> <span class='ocrx_word' id='word_1_9' title='bbox 1239 553 1325 642; x_wconf 83' lang='grc' dir='ltr'>μάρ-</span> 
     </span>
    </p>
   </div>
   <div class='ocr_carea' id='block_1_3' title="bbox 326 665 1325 1468">
    <p class='ocr_par' dir='ltr' id='par_1_3' title="bbox 326 665 1325 1468">
     <span class='ocr_line' id='line_1_3' title="bbox 329 665 1325 760; baseline 0.005 -32"><span class='ocrx_word' id='word_1_10' title='bbox 329 687 432 755; x_wconf 89' lang='grc' dir='ltr'>τυρες,</span> <span class='ocrx_word' id='word_1_11' title='bbox 455 667 506 730; x_wconf 79' lang='grc' dir='ltr'>καί</span> <span class='ocrx_word' id='word_1_12' title='bbox 529 665 588 733; x_wconf 88' lang='grc' dir='ltr'>άπό</span> <span class='ocrx_word' id='word_1_13' title='bbox 605 666 708 759; x_wconf 84' lang='grc' dir='ltr'>γένους</span> <span class='ocrx_word' id='word_1_14' title='bbox 729 671 782 733; x_wconf 84' lang='grc' dir='ltr'>τοῦ</span> <span class='ocrx_word' id='word_1_15' title='bbox 802 669 924 759; x_wconf 79' lang='grc' dir='ltr'>Κυρίου.</span> <span class='ocrx_word' id='word_1_16' title='bbox 949 669 1009 735; x_wconf 80' lang='grc' dir='ltr'>Καί</span> <span class='ocrx_word' id='word_1_17' title='bbox 1034 666 1193 760; x_wconf 76' lang='grc' dir='ltr'><strong><em>γενομένης</em></strong></span> <span class='ocrx_word' id='word_1_18' title='bbox 1206 670 1325 760; x_wconf 81' lang='grc' dir='ltr'>εἰρήνης</span> 
     </span>
     <span class='ocr_line' id='line_1_4' title="bbox 328 777 1325 877; baseline 0.006 -31"><span class='ocrx_word' id='word_1_19' title='bbox 328 777 456 865; x_wconf 80' lang='grc' dir='ltr'>βαθείας</span> <span class='ocrx_word' id='word_1_20' title='bbox 471 782 599 873; x_wconf 77' lang='grc' dir='ltr'>ἐνπασῄ</span> <span class='ocrx_word' id='word_1_21' title='bbox 615 783 780 872; x_wconf 77' lang='grc' dir='ltr'>ἐκκλησίᾳ,</span> <span class='ocrx_word' id='word_1_22' title='bbox 797 785 919 873; x_wconf 85' lang='grc' dir='ltr'>μένουσι</span> <span class='ocrx_word' id='word_1_23' title='bbox 932 785 1022 877; x_wconf 70' lang='grc' dir='ltr'>μέχρι</span> <span class='ocrx_word' id='word_1_24' title='bbox 1038 790 1188 877; x_wconf 82' lang='grc' dir='ltr'>Τραιανοῦ</span> <span class='ocrx_word' id='word_1_25' title='bbox 1203 788 1325 852; x_wconf 87' lang='grc' dir='ltr'>Καίσα-</span> 
     </span>
     <span class='ocr_line' id='line_1_5' title="bbox 326 893 1323 997; baseline 0.003 -31"><span class='ocrx_word' id='word_1_26' title='bbox 326 924 391 992; x_wconf 81' lang='grc' dir='ltr'>ρος.</span> <span class='ocrx_word' id='word_1_27' title='bbox 408 901 520 994; x_wconf 81' lang='grc' dir='ltr'>Κόχρις</span> <span class='ocrx_word' id='word_1_28' title='bbox 537 893 572 968; x_wconf 85' lang='grc' dir='ltr'>ού</span> <span class='ocrx_word' id='word_1_29' title='bbox 588 903 604 967; x_wconf 91' lang='lat'>6</span> <span class='ocrx_word' id='word_1_30' title='bbox 620 901 654 969; x_wconf 84' lang='grc' dir='ltr'>ἐκ</span> <span class='ocrx_word' id='word_1_31' title='bbox 669 905 750 969; x_wconf 90' lang='grc' dir='ltr'>θείου</span> <span class='ocrx_word' id='word_1_32' title='bbox 766 909 819 970; x_wconf 81' lang='grc' dir='ltr'>τού</span> <span class='ocrx_word' id='word_1_33' title='bbox 834 905 939 996; x_wconf 79' lang='grc' dir='ltr'>κυρίου</span> <span class='ocrx_word' id='word_1_34' title='bbox 953 905 969 969; x_wconf 99' lang='lat'>6</span> <span class='ocrx_word' id='word_1_35' title='bbox 981 902 1191 997; x_wconf 80' lang='grc' dir='ltr'>προειρημένος</span> <span class='ocrx_word' id='word_1_36' title='bbox 1203 904 1323 992; x_wconf 79' lang='grc' dir='ltr'>Συμεὼν</span> 
     </span>
     <span class='ocr_line' id='line_1_6' title="bbox 326 1020 1322 1115; baseline 0.001 -28"><span class='ocrx_word' id='word_1_37' title='bbox 326 1020 391 1096; x_wconf 79' lang='grc' dir='ltr'>υἱός</span> <span class='ocrx_word' id='word_1_38' title='bbox 412 1021 542 1106; x_wconf 82' lang='grc' dir='ltr'>Κλωπᾶ,</span> <span class='ocrx_word' id='word_1_39' title='bbox 567 1023 801 1115; x_wconf 76' lang='grc' dir='ltr'>συκοφαντηθείς</span> <span class='ocrx_word' id='word_1_40' title='bbox 823 1020 881 1088; x_wconf 81' lang='grc' dir='ltr'>ὑπό</span> <span class='ocrx_word' id='word_1_41' title='bbox 906 1030 966 1088; x_wconf 81' lang='grc' dir='ltr'>τῶν</span> <span class='ocrx_word' id='word_1_42' title='bbox 990 1022 1149 1115; x_wconf 80' lang='grc' dir='ltr'>αἱρέσεων,</span> <span class='ocrx_word' id='word_1_43' title='bbox 1178 1021 1322 1099; x_wconf 77' lang='grc' dir='ltr'>ὡσαύτως</span> 
     </span>
     <span class='ocr_line' id='line_1_7' title="bbox 326 1120 1323 1231; baseline 0.004 -30"><span class='ocrx_word' id='word_1_44' title='bbox 326 1141 518 1231; x_wconf 79' lang='grc' dir='ltr'>κατηγορήθη</span> <span class='ocrx_word' id='word_1_45' title='bbox 539 1141 593 1207; x_wconf 75' lang='grc' dir='ltr'>καί</span> <span class='ocrx_word' id='word_1_46' title='bbox 609 1139 701 1217; x_wconf 77' lang='grc' dir='ltr'>αὐτὸς</span> <span class='ocrx_word' id='word_1_47' title='bbox 721 1138 767 1206; x_wconf 74' lang='grc' dir='ltr'>ἐπὶ</span> <span class='ocrx_word' id='word_1_48' title='bbox 788 1147 831 1227; x_wconf 85' lang='grc' dir='ltr'>τῷ</span> <span class='ocrx_word' id='word_1_49' title='bbox 848 1138 931 1227; x_wconf 83' lang='grc' dir='ltr'>αύτῷ</span> <span class='ocrx_word' id='word_1_50' title='bbox 947 1140 1028 1231; x_wconf 85' lang='grc' dir='ltr'>λόγῳ</span> <span class='ocrx_word' id='word_1_51' title='bbox 1051 1139 1097 1205; x_wconf 80' lang='grc' dir='ltr'>ἐπί</span> <span class='ocrx_word' id='word_1_52' title='bbox 1119 1120 1250 1208; x_wconf 70' lang='grc' dir='ltr'>Ᾰττικού</span> <span class='ocrx_word' id='word_1_53' title='bbox 1269 1145 1323 1207; x_wconf 78' lang='grc' dir='ltr'>τοῦ</span> 
     </span>
     <span class='ocr_line' id='line_1_8' title="bbox 326 1252 1320 1350; baseline 0.001 -28"><span class='ocrx_word' id='word_1_54' title='bbox 326 1252 485 1323; x_wconf 77' lang='grc' dir='ltr'>ὑπατικοῦ.</span> <span class='ocrx_word' id='word_1_55' title='bbox 500 1260 559 1323; x_wconf 80' lang='grc' dir='ltr'>Καί</span> <span class='ocrx_word' id='word_1_56' title='bbox 573 1258 621 1325; x_wconf 83' lang='grc' dir='ltr'>ἐπί</span> <span class='ocrx_word' id='word_1_57' title='bbox 634 1257 748 1334; x_wconf 74' lang='grc' dir='ltr'>πολλάς</span> <span class='ocrx_word' id='word_1_58' title='bbox 761 1258 876 1350; x_wconf 78' lang='grc' dir='ltr'>ἡμέρας</span> <span class='ocrx_word' id='word_1_59' title='bbox 887 1260 1090 1346; x_wconf 77' lang='grc' dir='ltr'>αἰκιζόμενος,</span> <span class='ocrx_word' id='word_1_60' title='bbox 1104 1257 1320 1350; x_wconf 88' lang='grc' dir='ltr'>ἐμαρτύρησεν·</span> 
     </span>
     <span class='ocr_line' id='line_1_9' title="bbox 326 1374 1322 1468; baseline 0.001 -28"><span class='ocrx_word' id='word_1_61' title='bbox 326 1374 368 1449; x_wconf 75' lang='grc' dir='ltr'>ὡς</span> <span class='ocrx_word' id='word_1_62' title='bbox 384 1376 499 1453; x_wconf 78' lang='grc' dir='ltr'>πάντας</span> <span class='ocrx_word' id='word_1_63' title='bbox 520 1374 780 1468; x_wconf 79' lang='grc' dir='ltr'>ύπιρθαυμάζειν,</span> <span class='ocrx_word' id='word_1_64' title='bbox 804 1379 856 1444; x_wconf 79' lang='grc' dir='ltr'>καί</span> <span class='ocrx_word' id='word_1_65' title='bbox 876 1378 927 1443; x_wconf 88' lang='grc' dir='ltr'>τόν</span> <span class='ocrx_word' id='word_1_66' title='bbox 947 1375 1108 1461; x_wconf 87' lang='grc' dir='ltr'>ὑπατικόν,</span> <span class='ocrx_word' id='word_1_67' title='bbox 1132 1383 1196 1452; x_wconf 83' lang='grc' dir='ltr'>πῶς</span> <span class='ocrx_word' id='word_1_68' title='bbox 1216 1374 1322 1442; x_wconf 81' lang='grc' dir='ltr'>ἑκατόν</span> 
     </span>
    </p>
   </div>
   <div class='ocr_carea' id='block_1_4' title="bbox 286 1482 1318 1587">
    <p class='ocr_par' dir='ltr' id='par_1_4' title="bbox 286 1482 1318 1587">
     <span class='ocr_line' id='line_1_10' title="bbox 286 1482 1318 1587; baseline 0.003 -32"><span class='ocrx_word' id='word_1_69' title='bbox 286 1482 289 1487; x_wconf 52' lang='grc'><em>’</em></span> <span class='ocrx_word' id='word_1_70' title='bbox 326 1498 421 1558; x_wconf 84' lang='grc' dir='ltr'>είκοσι</span> <span class='ocrx_word' id='word_1_71' title='bbox 433 1497 595 1585; x_wconf 75' lang='grc' dir='ltr'>τυγχάνων</span> <span class='ocrx_word' id='word_1_72' title='bbox 608 1493 680 1561; x_wconf 83' lang='grc' dir='ltr'>ἐτῶν</span> <span class='ocrx_word' id='word_1_73' title='bbox 696 1494 843 1584; x_wconf 73' lang='grc' dir='ltr'>ὑπέμεινε·</span> <span class='ocrx_word' id='word_1_74' title='bbox 858 1498 910 1562; x_wconf 82' lang='grc' dir='ltr'>καὶ</span> <span class='ocrx_word' id='word_1_75' title='bbox 925 1494 1083 1568; x_wconf 74' lang='grc' dir='ltr'>ἐκελεύσθη</span> <span class='ocrx_word' id='word_1_76' title='bbox 1093 1498 1318 1587; x_wconf 79' lang='grc' dir='ltr'>σταυρωθῆναι.</span> 
     </span>
    </p>
   </div>
   <div class='ocr_carea' id='block_1_5' title="bbox 84 2621 299 2880">
    <p class='ocr_par' dir='ltr' id='par_1_5' title="bbox 84 2621 299 2784">
     <span class='ocr_line' id='line_1_11' title="bbox 100 2621 283 2667; baseline 0 -2"><span class='ocrx_word' id='word_1_77' title='bbox 100 2625 129 2665; x_wconf 79' lang='lat' dir='ltr'>De</span> <span class='ocrx_word' id='word_1_78' title='bbox 138 2621 232 2665; x_wconf 76' lang='lat' dir='ltr'>diversis</span> <span class='ocrx_word' id='word_1_79' title='bbox 245 2625 283 2667; x_wconf 79' lang='lat' dir='ltr'>Ju-</span> 
     </span>
     <span class='ocr_line' id='line_1_12' title="bbox 85 2675 299 2726; baseline 0.009 -8"><span class='ocrx_word' id='word_1_80' title='bbox 85 2675 182 2719; x_wconf 78' lang='lat' dir='ltr'>daeorum</span> <span class='ocrx_word' id='word_1_81' title='bbox 197 2676 272 2726; x_wconf 77' lang='lat' dir='ltr'><strong>sectis,</strong></span> <span class='ocrx_word' id='word_1_82' title='bbox 285 2687 299 2720; x_wconf 83' lang='lat' dir='ltr'>e</span> 
     </span>
     <span class='ocr_line' id='line_1_13' title="bbox 84 2728 298 2784; baseline 0.009 -13"><span class='ocrx_word' id='word_1_83' title='bbox 84 2728 298 2784; x_wconf 74' lang='lat' dir='ltr'><strong>quibuschristianae</strong></span> 
     </span>
    </p>

    <p class='ocr_par' dir='ltr' id='par_1_6' title="bbox 102 2781 277 2838">
     <span class='ocr_line' id='line_1_14' title="bbox 102 2781 277 2838; baseline 0.006 -12"><span class='ocrx_word' id='word_1_84' title='bbox 102 2788 178 2838; x_wconf 75' lang='lat' dir='ltr'><strong>postea</strong></span> <span class='ocrx_word' id='word_1_85' title='bbox 184 2781 277 2827; x_wconf 78' lang='lat' dir='ltr'>effluxe-</span> 
     </span>
    </p>

    <p class='ocr_par' dir='ltr' id='par_1_7' title="bbox 158 2840 218 2880">
     <span class='ocr_line' id='line_1_15' title="bbox 158 2840 218 2880; baseline 0.033 -3"><span class='ocrx_word' id='word_1_86' title='bbox 158 2840 218 2880; x_wconf 81' lang='lat' dir='ltr'><strong>runt.</strong></span> 
     </span>
    </p>
   </div>
   <div class='ocr_carea' id='block_1_6' title="bbox 325 1590 1323 2583">
    <p class='ocr_par' dir='ltr' id='par_1_8' title="bbox 325 1590 1323 2296">
     <span class='ocr_line' id='line_1_16' title="bbox 375 1590 1322 1705; baseline 0.001 -29"><span class='ocrx_word' id='word_1_87' title='bbox 375 1590 432 1676; x_wconf 66' lang='grc' dir='ltr'>ἐπὶ</span> <span class='ocrx_word' id='word_1_88' title='bbox 450 1611 567 1688; x_wconf 86' lang='grc' dir='ltr'>τούτοις</span> <span class='ocrx_word' id='word_1_89' title='bbox 582 1612 598 1678; x_wconf 89' lang='lat'>6</span> <span class='ocrx_word' id='word_1_90' title='bbox 616 1612 707 1689; x_wconf 80' lang='grc' dir='ltr'>αὐτὸς</span> <span class='ocrx_word' id='word_1_91' title='bbox 721 1614 799 1705; x_wconf 81' lang='grc' dir='ltr'>άνηρ</span> <span class='ocrx_word' id='word_1_92' title='bbox 815 1604 848 1703; x_wconf 91' lang='lat'>(6</span> <span class='ocrx_word' id='word_1_93' title='bbox 862 1595 1053 1705; x_wconf 76' lang='grc' dir='ltr'>Ιέγήσιππος)</span> <span class='ocrx_word' id='word_1_94' title='bbox 1072 1609 1266 1705; x_wconf 83' lang='grc' dir='ltr'>διηγούμενος</span> <span class='ocrx_word' id='word_1_95' title='bbox 1281 1615 1322 1678; x_wconf 82' lang='grc' dir='ltr'>τό</span> 
     </span>
     <span class='ocr_line' id='line_1_17' title="bbox 326 1726 1323 1824; baseline 0 -30"><span class='ocrx_word' id='word_1_96' title='bbox 326 1732 407 1795; x_wconf 79' lang='grc' dir='ltr'>κατὰ</span> <span class='ocrx_word' id='word_1_97' title='bbox 431 1729 500 1807; x_wconf 82' lang='grc' dir='ltr'>τοὺς</span> <span class='ocrx_word' id='word_1_98' title='bbox 519 1726 736 1818; x_wconf 77' lang='grc' dir='ltr'>δηλουμένους,</span> <span class='ocrx_word' id='word_1_99' title='bbox 760 1730 886 1822; x_wconf 74' lang='grc' dir='ltr'>ἐπιλέγει</span> <span class='ocrx_word' id='word_1_100' title='bbox 908 1735 951 1808; x_wconf 81' lang='grc' dir='ltr'>ὡς</span> <span class='ocrx_word' id='word_1_101' title='bbox 973 1738 1036 1824; x_wconf 76' lang='grc' dir='ltr'>ἄρα</span> <span class='ocrx_word' id='word_1_102' title='bbox 1061 1731 1151 1823; x_wconf 83' lang='grc' dir='ltr'>μέχρι</span> <span class='ocrx_word' id='word_1_103' title='bbox 1174 1739 1233 1797; x_wconf 85' lang='grc' dir='ltr'>τῶν</span> <span class='ocrx_word' id='word_1_104' title='bbox 1254 1733 1323 1796; x_wconf 87' lang='grc' dir='ltr'>τότε</span> 
     </span>
     <span class='ocr_line' id='line_1_18' title="bbox 326 1845 1320 1941; baseline 0.006 -28"><span class='ocrx_word' id='word_1_105' title='bbox 326 1851 440 1940; x_wconf 83' lang='grc' dir='ltr'>χρόνων</span> <span class='ocrx_word' id='word_1_106' title='bbox 455 1852 599 1939; x_wconf 86' lang='grc' dir='ltr'>πάρθενος</span> <span class='ocrx_word' id='word_1_107' title='bbox 617 1850 739 1941; x_wconf 85' lang='grc' dir='ltr'>καθαρὰ</span> <span class='ocrx_word' id='word_1_108' title='bbox 755 1851 807 1916; x_wconf 80' lang='grc' dir='ltr'>καί</span> <span class='ocrx_word' id='word_1_109' title='bbox 827 1845 1010 1940; x_wconf 81' lang='grc' dir='ltr'>άόιάθρορος</span> <span class='ocrx_word' id='word_1_110' title='bbox 1030 1852 1142 1936; x_wconf 81' lang='grc' dir='ltr'>ἔμεινεν</span> <span class='ocrx_word' id='word_1_111' title='bbox 1160 1850 1179 1919; x_wconf 77' lang='grc' dir='ltr'>ἡ</span> <span class='ocrx_word' id='word_1_112' title='bbox 1203 1847 1320 1919; x_wconf 86' lang='grc' dir='ltr'>ἐκκλη-</span> 
     </span>
     <span class='ocr_line' id='line_1_19' title="bbox 325 1963 1321 2061; baseline 0 -29"><span class='ocrx_word' id='word_1_113' title='bbox 325 1970 399 2050; x_wconf 87' lang='grc' dir='ltr'>σία,</span> <span class='ocrx_word' id='word_1_114' title='bbox 418 1967 448 2032; x_wconf 85' lang='grc' dir='ltr'>ἐν</span> <span class='ocrx_word' id='word_1_115' title='bbox 464 1963 569 2056; x_wconf 80' lang='grc' dir='ltr'>ἀδήλῳ</span> <span class='ocrx_word' id='word_1_116' title='bbox 590 1993 648 2034; x_wconf 91' lang='grc' dir='ltr'>που</span> <span class='ocrx_word' id='word_1_117' title='bbox 665 1970 768 2035; x_wconf 83' lang='grc' dir='ltr'>σκότει</span> <span class='ocrx_word' id='word_1_118' title='bbox 785 1968 974 2061; x_wconf 76' lang='grc' dir='ltr'>φωλευόντων</span> <span class='ocrx_word' id='word_1_119' title='bbox 991 1966 1081 2033; x_wconf 84' lang='grc' dir='ltr'>είσέτι</span> <span class='ocrx_word' id='word_1_120' title='bbox 1098 1967 1185 2050; x_wconf 85' lang='grc' dir='ltr'>τότε,</span> <span class='ocrx_word' id='word_1_121' title='bbox 1203 1974 1276 2050; x_wconf 84' lang='grc' dir='ltr'>τῶν,</span> <span class='ocrx_word' id='word_1_122' title='bbox 1295 1970 1321 2032; x_wconf 80' lang='grc' dir='ltr'>εἰ</span> 
     </span>
     <span class='ocr_line' id='line_1_20' title="bbox 325 2083 1321 2180; baseline 0 -30"><span class='ocrx_word' id='word_1_123' title='bbox 325 2087 380 2150; x_wconf 89' lang='grc' dir='ltr'>καί</span> <span class='ocrx_word' id='word_1_124' title='bbox 391 2109 467 2161; x_wconf 89' lang='grc' dir='ltr'>τινες</span> <span class='ocrx_word' id='word_1_125' title='bbox 479 2083 626 2178; x_wconf 74' lang='grc' dir='ltr'>ύπῆρχον,</span> <span class='ocrx_word' id='word_1_126' title='bbox 639 2088 851 2180; x_wconf 82' lang='grc' dir='ltr'>παραρθείρειν</span> <span class='ocrx_word' id='word_1_127' title='bbox 868 2084 1093 2176; x_wconf 72' lang='grc' dir='ltr'>ἐπιχειρούντων</span> <span class='ocrx_word' id='word_1_128' title='bbox 1109 2086 1160 2150; x_wconf 86' lang='grc' dir='ltr'>τόν</span> <span class='ocrx_word' id='word_1_129' title='bbox 1176 2084 1247 2176; x_wconf 80' lang='grc' dir='ltr'>ὑγιῆ</span> <span class='ocrx_word' id='word_1_130' title='bbox 1263 2111 1321 2151; x_wconf 89' lang='grc' dir='ltr'>κα·</span> 
     </span>
     <span class='ocr_line' id='line_1_21' title="bbox 325 2202 849 2296; baseline 0.002 -30"><span class='ocrx_word' id='word_1_131' title='bbox 325 2203 396 2268; x_wconf 89' lang='grc' dir='ltr'>νόνα</span> <span class='ocrx_word' id='word_1_132' title='bbox 411 2207 464 2267; x_wconf 86' lang='grc' dir='ltr'>τοῦ</span> <span class='ocrx_word' id='word_1_133' title='bbox 479 2205 629 2295; x_wconf 89' lang='grc' dir='ltr'>σωτηρίου</span> <span class='ocrx_word' id='word_1_134' title='bbox 645 2202 849 2296; x_wconf 84' lang='grc' dir='ltr'>κηρύγματος.</span> 
     </span>
    </p>

    <p class='ocr_par' dir='ltr' id='par_1_9' title="bbox 546 2379 1095 2583">
     <span class='ocr_line' id='line_1_22' title="bbox 670 2379 974 2427; baseline 0 -2"><span class='ocrx_word' id='word_1_135' title='bbox 670 2379 910 2427; x_wconf 72' lang='grc' dir='ltr'>νκιωΜΕΝΤυΜ</span> <span class='ocrx_word' id='word_1_136' title='bbox 937 2379 974 2425; x_wconf 87' lang='grc' dir='ltr'>ν.</span> 
     </span>
     <span class='ocr_line' id='line_1_23' title="bbox 546 2519 1095 2583; baseline 0.005 -15"><span class='ocrx_word' id='word_1_137' title='bbox 546 2519 595 2582; x_wconf 80' lang='lat' dir='ltr'>(Ex</span> <span class='ocrx_word' id='word_1_138' title='bbox 608 2521 696 2571; x_wconf 74' lang='lat' dir='ltr'>Euseb-</span> <span class='ocrx_word' id='word_1_139' title='bbox 707 2520 773 2570; x_wconf 77' lang='grc' dir='ltr'>Ηόει.</span> <span class='ocrx_word' id='word_1_140' title='bbox 787 2520 868 2582; x_wconf 79' lang='grc' dir='ltr'>Κουλ,</span> <span class='ocrx_word' id='word_1_141' title='bbox 879 2522 922 2573; x_wconf 80' lang='lat' dir='ltr'><strong>lib.</strong></span> <span class='ocrx_word' id='word_1_142' title='bbox 935 2519 1011 2581; x_wconf 83' lang='lat' dir='ltr'>1v‚c.</span> <span class='ocrx_word' id='word_1_143' title='bbox 1024 2519 1095 2583; x_wconf 84' lang='lat' dir='ltr'>xxu.)</span> 
     </span>
    </p>
   </div>
   <div class='ocr_carea' id='block_1_7' title="bbox 324 2634 1321 4155">
    <p class='ocr_par' dir='ltr' id='par_1_10' title="bbox 324 2634 1321 4155">
     <span class='ocr_line' id='line_1_24' title="bbox 374 2634 1318 2742; baseline -0.003 -27"><span class='ocrx_word' id='word_1_144' title='bbox 374 2648 432 2721; x_wconf 81' lang='grc' dir='ltr'>Καί</span> <span class='ocrx_word' id='word_1_145' title='bbox 448 2652 526 2737; x_wconf 82' lang='grc' dir='ltr'>μετὰ</span> <span class='ocrx_word' id='word_1_146' title='bbox 547 2651 582 2715; x_wconf 85' lang='grc' dir='ltr'>τό</span> <span class='ocrx_word' id='word_1_147' title='bbox 599 2657 789 2742; x_wconf 78' lang='grc' dir='ltr'>μαρτυρῆσαι</span> <span class='ocrx_word' id='word_1_148' title='bbox 809 2634 944 2721; x_wconf 78' lang='grc' dir='ltr'>Ῐάκωόον</span> <span class='ocrx_word' id='word_1_149' title='bbox 964 2650 1014 2717; x_wconf 84' lang='grc' dir='ltr'>τόν</span> <span class='ocrx_word' id='word_1_150' title='bbox 1037 2645 1156 2717; x_wconf 81' lang='grc' dir='ltr'>δίκαιον</span> <span class='ocrx_word' id='word_1_151' title='bbox 1172 2649 1213 2729; x_wconf 84' lang='grc' dir='ltr'>ὡς</span> <span class='ocrx_word' id='word_1_152' title='bbox 1230 2650 1281 2715; x_wconf 82' lang='grc' dir='ltr'>καὶ</span> <span class='ocrx_word' id='word_1_153' title='bbox 1303 2648 1318 2712; x_wconf 88' lang='lat'>6</span> 
     </span>
     <span class='ocr_line' id='line_1_25' title="bbox 325 2767 1320 2860; baseline -0.005 -25"><span class='ocrx_word' id='word_1_154' title='bbox 325 2767 432 2860; x_wconf 83' lang='grc' dir='ltr'>Κύριος</span> <span class='ocrx_word' id='word_1_155' title='bbox 448 2768 493 2834; x_wconf 81' lang='grc' dir='ltr'>ἐπὶ</span> <span class='ocrx_word' id='word_1_156' title='bbox 511 2777 555 2856; x_wconf 74' lang='grc' dir='ltr'>τῷ</span> <span class='ocrx_word' id='word_1_157' title='bbox 570 2768 654 2857; x_wconf 81' lang='grc' dir='ltr'>αύτῷ</span> <span class='ocrx_word' id='word_1_158' title='bbox 671 2768 751 2859; x_wconf 81' lang='grc' dir='ltr'>λόγῳ</span> <span class='ocrx_word' id='word_1_159' title='bbox 773 2769 862 2839; x_wconf 88' lang='grc' dir='ltr'>πάλιν</span> <span class='ocrx_word' id='word_1_160' title='bbox 880 2769 896 2834; x_wconf 90' lang='lat'>6</span> <span class='ocrx_word' id='word_1_161' title='bbox 913 2768 947 2843; x_wconf 82' lang='grc' dir='ltr'>ἐκ</span> <span class='ocrx_word' id='word_1_162' title='bbox 963 2770 1043 2834; x_wconf 88' lang='grc' dir='ltr'>θείου</span> <span class='ocrx_word' id='word_1_163' title='bbox 1055 2767 1149 2834; x_wconf 77' lang='grc' dir='ltr'>αὐτοῦ</span> <span class='ocrx_word' id='word_1_164' title='bbox 1166 2768 1286 2854; x_wconf 79' lang='grc' dir='ltr'>Συμεὼν</span> <span class='ocrx_word' id='word_1_165' title='bbox 1303 2767 1320 2830; x_wconf 93' lang='lat'>6</span> 
     </span>
     <span class='ocr_line' id='line_1_26' title="bbox 324 2885 1320 2979; baseline -0.004 -27"><span class='ocrx_word' id='word_1_166' title='bbox 324 2891 377 2952; x_wconf 80' lang='grc' dir='ltr'>τοῦ</span> <span class='ocrx_word' id='word_1_167' title='bbox 393 2887 507 2954; x_wconf 80' lang='grc' dir='ltr'>Κλωπᾶ</span> <span class='ocrx_word' id='word_1_168' title='bbox 522 2889 705 2957; x_wconf 83' lang='grc' dir='ltr'>καθίσταται</span> <span class='ocrx_word' id='word_1_169' title='bbox 723 2886 896 2965; x_wconf 83' lang='grc' dir='ltr'>ἐπίσκοπος·</span> <span class='ocrx_word' id='word_1_170' title='bbox 913 2885 946 2953; x_wconf 83' lang='grc' dir='ltr'>θν</span> <span class='ocrx_word' id='word_1_171' title='bbox 958 2885 1114 2979; x_wconf 88' lang='grc' dir='ltr'>προέθεντο</span> <span class='ocrx_word' id='word_1_172' title='bbox 1128 2886 1236 2960; x_wconf 86' lang='grc' dir='ltr'>πάντες</span> <span class='ocrx_word' id='word_1_173' title='bbox 1249 2889 1320 2949; x_wconf 89' lang='grc' dir='ltr'>όντοι</span> 
     </span>
     <span class='ocr_line' id='line_1_27' title="bbox 324 3000 1319 3098; baseline -0.007 -24"><span class='ocrx_word' id='word_1_174' title='bbox 324 3005 445 3092; x_wconf 75' lang='grc' dir='ltr'>ἀνεψιόν</span> <span class='ocrx_word' id='word_1_175' title='bbox 471 3009 525 3077; x_wconf 83' lang='grc' dir='ltr'>τοῦ</span> <span class='ocrx_word' id='word_1_176' title='bbox 549 3008 653 3098; x_wconf 87' lang='grc' dir='ltr'>κυρίου</span> <span class='ocrx_word' id='word_1_177' title='bbox 677 3000 827 3096; x_wconf 79' lang='grc' dir='ltr'>δεύτερον.</span> <span class='ocrx_word' id='word_1_178' title='bbox 854 3006 911 3069; x_wconf 82' lang='grc' dir='ltr'>Διὰ</span> <span class='ocrx_word' id='word_1_179' title='bbox 935 3007 1023 3069; x_wconf 78' lang='grc' dir='ltr'>τοῦτο</span> <span class='ocrx_word' id='word_1_180' title='bbox 1046 3001 1172 3071; x_wconf 80' lang='grc' dir='ltr'>ἐκάλουν</span> <span class='ocrx_word' id='word_1_181' title='bbox 1191 3003 1244 3073; x_wconf 79' lang='grc' dir='ltr'>τὴν</span> <span class='ocrx_word' id='word_1_182' title='bbox 1265 3001 1319 3067; x_wconf 83' lang='grc' dir='ltr'>ἐκ·</span> 
     </span>
     <span class='ocr_line' id='line_1_28' title="bbox 324 3121 1318 3213; baseline -0.011 -19"><span class='ocrx_word' id='word_1_183' title='bbox 324 3121 451 3193; x_wconf 82' lang='grc' dir='ltr'>κλησίαν</span> <span class='ocrx_word' id='word_1_184' title='bbox 478 3121 642 3213; x_wconf 83' lang='grc' dir='ltr'>παρθένον·</span> <span class='ocrx_word' id='word_1_185' title='bbox 668 3124 760 3191; x_wconf 79' lang='grc' dir='ltr'>Οὔπω</span> <span class='ocrx_word' id='word_1_186' title='bbox 785 3124 845 3213; x_wconf 86' lang='grc' dir='ltr'>γόιρ</span> <span class='ocrx_word' id='word_1_187' title='bbox 874 3124 1002 3213; x_wconf 74' lang='grc' dir='ltr'>ἐφθαρτο</span> <span class='ocrx_word' id='word_1_188' title='bbox 1027 3123 1137 3196; x_wconf 83' lang='grc' dir='ltr'>ἀκοαῖς</span> <span class='ocrx_word' id='word_1_189' title='bbox 1158 3122 1318 3208; x_wconf 87' lang='grc' dir='ltr'>ματαίαις.</span> 
     </span>
     <span class='ocr_line' id='line_1_29' title="bbox 325 3233 1319 3329; baseline 0 -27"><span class='ocrx_word' id='word_1_190' title='bbox 325 3239 456 3329; x_wconf 82' lang='grc' dir='ltr'>Αρχεται</span> <span class='ocrx_word' id='word_1_191' title='bbox 474 3233 503 3302; x_wconf 83' lang='grc' dir='ltr'>θ’</span> <span class='ocrx_word' id='word_1_192' title='bbox 522 3238 537 3302; x_wconf 91' lang='lat'>6</span> <span class='ocrx_word' id='word_1_193' title='bbox 559 3236 703 3315; x_wconf 75' lang='grc' dir='ltr'>Θέόουτις</span> <span class='ocrx_word' id='word_1_194' title='bbox 725 3235 778 3303; x_wconf 79' lang='grc' dir='ltr'>διὰ</span> <span class='ocrx_word' id='word_1_195' title='bbox 803 3240 835 3303; x_wconf 87' lang='grc' dir='ltr'>τὸ</span> <span class='ocrx_word' id='word_1_196' title='bbox 857 3239 898 3325; x_wconf 78' lang='grc' dir='ltr'>μη</span> <span class='ocrx_word' id='word_1_197' title='bbox 919 3237 1058 3329; x_wconf 78' lang='grc' dir='ltr'>γίνεσθαι</span> <span class='ocrx_word' id='word_1_198' title='bbox 1082 3236 1174 3302; x_wconf 76' lang='grc' dir='ltr'>αὐτόν</span> <span class='ocrx_word' id='word_1_199' title='bbox 1192 3236 1319 3302; x_wconf 89' lang='grc' dir='ltr'>ἐπίσκο-</span> 
     </span>
     <span class='ocr_line' id='line_1_30' title="bbox 325 3349 1321 3449; baseline -0.002 -27"><span class='ocrx_word' id='word_1_200' title='bbox 325 3380 397 3439; x_wconf 93' lang='grc' dir='ltr'>πον,</span> <span class='ocrx_word' id='word_1_201' title='bbox 423 3354 606 3449; x_wconf 76' lang='grc' dir='ltr'>ύποφθείρειν</span> <span class='ocrx_word' id='word_1_202' title='bbox 633 3358 694 3422; x_wconf 83' lang='grc' dir='ltr'>άπὸ</span> <span class='ocrx_word' id='word_1_203' title='bbox 718 3364 776 3422; x_wconf 83' lang='grc' dir='ltr'>τῶν</span> <span class='ocrx_word' id='word_1_204' title='bbox 798 3355 873 3421; x_wconf 84' lang='grc' dir='ltr'>ἑπτὰ</span> <span class='ocrx_word' id='word_1_205' title='bbox 897 3355 1057 3445; x_wconf 85' lang='grc' dir='ltr'>αἱρέσεων,</span> <span class='ocrx_word' id='word_1_206' title='bbox 1086 3349 1126 3422; x_wconf 85' lang='grc' dir='ltr'>ὧν</span> <span class='ocrx_word' id='word_1_207' title='bbox 1151 3357 1202 3420; x_wconf 84' lang='grc' dir='ltr'>καὶ</span> <span class='ocrx_word' id='word_1_208' title='bbox 1231 3354 1321 3431; x_wconf 78' lang='grc' dir='ltr'>αὐτὸς</span> 
     </span>
     <span class='ocr_line' id='line_1_31' title="bbox 324 3466 1321 3567; baseline 0.001 -29"><span class='ocrx_word' id='word_1_209' title='bbox 324 3469 373 3552; x_wconf 80' lang='grc' dir='ltr'>ἦν,</span> <span class='ocrx_word' id='word_1_210' title='bbox 392 3473 422 3539; x_wconf 89' lang='grc' dir='ltr'>ἐν</span> <span class='ocrx_word' id='word_1_211' title='bbox 434 3483 478 3564; x_wconf 72' lang='grc' dir='ltr'>τῷ</span> <span class='ocrx_word' id='word_1_212' title='bbox 489 3475 572 3565; x_wconf 84' lang='grc' dir='ltr'>λαῷ,</span> <span class='ocrx_word' id='word_1_213' title='bbox 590 3466 642 3567; x_wconf 74' lang='grc' dir='ltr'>ἀφ’</span> <span class='ocrx_word' id='word_1_214' title='bbox 661 3467 701 3540; x_wconf 87' lang='grc' dir='ltr'>ὧν</span> <span class='ocrx_word' id='word_1_215' title='bbox 718 3478 817 3563; x_wconf 86' lang='grc' dir='ltr'>Σίμων</span> <span class='ocrx_word' id='word_1_216' title='bbox 833 3474 898 3541; x_wconf 87' lang='grc' dir='ltr'>όθεν</span> <span class='ocrx_word' id='word_1_217' title='bbox 913 3475 940 3539; x_wconf 88' lang='grc' dir='ltr'>οἱ</span> <span class='ocrx_word' id='word_1_218' title='bbox 956 3477 1145 3560; x_wconf 87' lang='grc' dir='ltr'>Σιμωνιανοί·</span> <span class='ocrx_word' id='word_1_219' title='bbox 1162 3477 1214 3539; x_wconf 78' lang='grc' dir='ltr'>καί</span> <span class='ocrx_word' id='word_1_220' title='bbox 1227 3474 1321 3539; x_wconf 89' lang='grc' dir='ltr'>Κλεό-</span> 
     </span>
     <span class='ocr_line' id='line_1_32' title="bbox 325 3590 1321 3682; baseline -0.002 -25"><span class='ocrx_word' id='word_1_221' title='bbox 325 3590 390 3667; x_wconf 76' lang='grc' dir='ltr'>Ειος</span> <span class='ocrx_word' id='word_1_222' title='bbox 401 3590 467 3657; x_wconf 88' lang='grc' dir='ltr'>όθεν</span> <span class='ocrx_word' id='word_1_223' title='bbox 479 3591 664 3666; x_wconf 77' lang='grc' dir='ltr'>Κλεοόιηνοί·</span> <span class='ocrx_word' id='word_1_224' title='bbox 676 3595 729 3659; x_wconf 78' lang='grc' dir='ltr'>καὶ</span> <span class='ocrx_word' id='word_1_225' title='bbox 744 3595 884 3669; x_wconf 84' lang='grc' dir='ltr'>Δοσίθεος</span> <span class='ocrx_word' id='word_1_226' title='bbox 897 3591 963 3657; x_wconf 81' lang='grc' dir='ltr'>ὅθεν</span> <span class='ocrx_word' id='word_1_227' title='bbox 976 3595 1159 3658; x_wconf 89' lang='grc' dir='ltr'>Δοσιθιανοί·</span> <span class='ocrx_word' id='word_1_228' title='bbox 1178 3594 1229 3657; x_wconf 79' lang='grc' dir='ltr'>καί</span> <span class='ocrx_word' id='word_1_229' title='bbox 1245 3597 1321 3682; x_wconf 92' lang='grc' dir='ltr'>Γορ-</span> 
     </span>
     <span class='ocr_line' id='line_1_33' title="bbox 325 3707 1315 3801; baseline -0.002 -27"><span class='ocrx_word' id='word_1_230' title='bbox 325 3712 411 3786; x_wconf 86' lang='grc' dir='ltr'>θαῖος</span> <span class='ocrx_word' id='word_1_231' title='bbox 424 3708 488 3776; x_wconf 86' lang='grc' dir='ltr'>όθεν</span> <span class='ocrx_word' id='word_1_232' title='bbox 502 3714 668 3801; x_wconf 83' lang='grc' dir='ltr'>Γορθηωνοί</span> <span class='ocrx_word' id='word_1_233' title='bbox 678 3713 744 3777; x_wconf 79' lang='grc' dir='ltr'>’καὶ</span> <span class='ocrx_word' id='word_1_234' title='bbox 754 3709 969 3792; x_wconf 71' lang='grc' dir='ltr'>Κασθωθαῖος,</span> <span class='ocrx_word' id='word_1_235' title='bbox 987 3707 1052 3774; x_wconf 80' lang='grc' dir='ltr'>ὅθεν</span> <span class='ocrx_word' id='word_1_236' title='bbox 1064 3709 1315 3777; x_wconf 76' lang='grc' dir='ltr'>Κασόωθαιανοί·</span> 
     </span>
     <span class='ocr_line' id='line_1_34' title="bbox 326 3825 1321 3920; baseline 0 -28"><span class='ocrx_word' id='word_1_237' title='bbox 326 3829 385 3893; x_wconf 83' lang='grc' dir='ltr'>άπό</span> <span class='ocrx_word' id='word_1_238' title='bbox 401 3827 512 3893; x_wconf 87' lang='grc' dir='ltr'>τούτων</span> <span class='ocrx_word' id='word_1_239' title='bbox 526 3825 795 3920; x_wconf 82' lang='grc' dir='ltr'>Κενανόριανισταί</span> <span class='ocrx_word' id='word_1_240' title='bbox 804 3875 813 3907; x_wconf 89' lang='grc'>,</span> <span class='ocrx_word' id='word_1_241' title='bbox 830 3830 882 3893; x_wconf 78' lang='grc' dir='ltr'>καί</span> <span class='ocrx_word' id='word_1_242' title='bbox 900 3831 1127 3920; x_wconf 79' lang='grc' dir='ltr'>Καρκιωνισταί</span> <span class='ocrx_word' id='word_1_243' title='bbox 1136 3875 1146 3907; x_wconf 91' lang='grc'>,</span> <span class='ocrx_word' id='word_1_244' title='bbox 1166 3830 1219 3894; x_wconf 78' lang='grc' dir='ltr'>καὶ</span> <span class='ocrx_word' id='word_1_245' title='bbox 1238 3833 1321 3917; x_wconf 60' lang='grc' dir='ltr'>Κοιρφ</span> 
     </span>
     <span class='ocr_line' id='line_1_35' title="bbox 325 3941 1318 4035; baseline 0 -25"><span class='ocrx_word' id='word_1_246' title='bbox 325 3949 545 4035; x_wconf 87' lang='grc' dir='ltr'>πωκρατιανοί·</span> <span class='ocrx_word' id='word_1_247' title='bbox 565 3949 616 4011; x_wconf 81' lang='grc' dir='ltr'>καὶ</span> <span class='ocrx_word' id='word_1_248' title='bbox 638 3947 897 4024; x_wconf 85' lang='grc' dir='ltr'>Ούαλεντινιανοί,</span> <span class='ocrx_word' id='word_1_249' title='bbox 924 3947 976 4010; x_wconf 79' lang='grc' dir='ltr'>καί</span> <span class='ocrx_word' id='word_1_250' title='bbox 1000 3941 1239 4031; x_wconf 84' lang='grc' dir='ltr'>Βασιλειθιανοί,</span> <span class='ocrx_word' id='word_1_251' title='bbox 1265 3947 1318 4011; x_wconf 79' lang='grc' dir='ltr'>καὶ</span> 
     </span>
     <span class='ocr_line' id='line_1_36' title="bbox 326 4058 1320 4155; baseline 0.004 -29"><span class='ocrx_word' id='word_1_252' title='bbox 326 4062 556 4153; x_wconf 89' lang='grc' dir='ltr'>Σατορνιλιανοί·</span> <span class='ocrx_word' id='word_1_253' title='bbox 582 4060 709 4139; x_wconf 82' lang='grc' dir='ltr'>ἕκαστος</span> <span class='ocrx_word' id='word_1_254' title='bbox 730 4059 814 4139; x_wconf 84' lang='grc' dir='ltr'>ίθίως</span> <span class='ocrx_word' id='word_1_255' title='bbox 836 4065 888 4130; x_wconf 85' lang='grc' dir='ltr'>καὶ</span> <span class='ocrx_word' id='word_1_256' title='bbox 914 4061 1020 4153; x_wconf 80' lang='grc' dir='ltr'>ἑτέρως</span> <span class='ocrx_word' id='word_1_257' title='bbox 1041 4058 1122 4155; x_wconf 82' lang='grc' dir='ltr'>ἰθίοιν</span> <span class='ocrx_word' id='word_1_258' title='bbox 1144 4060 1235 4142; x_wconf 80' lang='grc' dir='ltr'>δόξαν</span> <span class='ocrx_word' id='word_1_259' title='bbox 1254 4089 1320 4130; x_wconf 90' lang='grc' dir='ltr'>πα-</span> 
     </span>
    </p>
   </div>
   <div class='ocr_carea' id='block_1_8' title="bbox 0 0 1562 4960">
    <p class='ocr_par' dir='ltr' id='par_1_11' title="bbox 0 0 1562 4960">
     <span class='ocr_line' id='line_1_37' title="bbox 0 0 1562 4960; baseline 0 1"><span class='ocrx_word' id='word_1_260' title='bbox 0 0 1562 4960; x_wconf 95' lang='lat' dir='ltr'> </span> 
     </span>
    </p>
   </div>
  </div>
 </body>
</html>
