3114 4960
84 1581 172 1631 Questto

145 1647 171 1676 cu

681 872 866 953 CAPUT
901 877 960 953 ll.

757 1108 889 1122 m

607 1333 651 1379 DE
674 1332 850 1380 muster!
877 1334 1033 1385 SGRMIS.

174 1581 210 1623 „a
223 1580 281 1623 affl.
374 1539 611 1628 adumbrata,
639 1555 814 1637 quantum
833 1541 980 1639 quidem
1003 1567 1059 1615 res
1083 1542 1183 1631 tulit,
1211 1546 1321 1640 Hege·

173 1635 221 1678 itas.

226 1714 231 1723 ·
326 1667 419 1766 sippi
434 1665 601 1756 historia,
620 1666 782 1764 proxima
803 1690 888 1739 cura
905 1680 977 1753 est,
1001 1680 1041 1738 ut
1064 1664 1109 1739 de
1126 1666 1219 1738 iilius
1234 1691 1319 1765 ope·

262 1803 265 1807 ’
325 1791 424 1863 ribus
445 1789 585 1879 dicam,
603 1787 704 1886 quod
730 1813 816 1861 sane
839 1803 892 1861 est
922 1791 1075 1888 suscepti
1100 1792 1219 1888 operis
1237 1816 1319 1890 pars

323 1915 430 2012 longe
451 1915 676 2010 gravissima,
695 1913 784 1984 mihi
802 1914 898 1985 enim
913 1938 1013 2011 aeque
1027 1914 1228 1986 timendum
1243 1930 1317 2004 est,

324 2064 371 2113 ne
391 2037 468 2109 aliis
485 2036 701 2111 credulitatis
718 2052 860 2126 notam,
881 2036 956 2111 aliis
975 2038 1179 2109 temeritatis
1198 2037 1319 2111 videar

324 2164 521 2252 incurrere;
539 2162 699 2260 dumque
719 2162 791 2235 hoc
803 2162 969 2261 periculis
986 2161 1133 2260 plenum
1150 2188 1248 2237 mare
1262 2166 1317 2237 in·

323 2311 483 2384 gressus,
514 2285 685 2384 Scyllam,
713 2300 753 2359 ut
778 2287 905 2374 aiunt,
931 2288 1043 2358 vitare
1071 2301 1250 2384 satagam,
1279 2287 1316 2357 in

321 2408 538 2505 Charybdim
557 2409 714 2504 frangam
731 2431 873 2479 navem.

371 2531 463 2607 illud
479 2546 598 2603 tamen
620 2530 720 2603 Fabii
738 2531 825 2605 mihi
841 2532 960 2604 reddit
977 2534 1151 2624 animum,
1166 2533 1266 2631 quod
1278 2535 1316 2607 in

320 2654 412 2726 libro
429 2652 472 2724 de
483 2657 889 2728 Oratortlrtnstitutione¹
903 2658 952 2731 ait
966 2683 974 2727 ε
992 2660 1143 2733 Tutum
1157 2657 1317 2730 audeam

320 2796 373 2852 est
382 2793 530 2864 tentare,
544 2776 666 2875 quibus
671 2782 836 2875 paratior
842 2795 896 2850 est
906 2782 1016 2851 venia.
1025 2782 1202 2879 Susceptae
1212 2781 1317 2878 igitur

322 2903 512 3004 provincias
528 2903 684 3002 pondus,
708 2902 871 3000 judicum
890 2904 1146 2975 humanitatem
1159 2920 1195 2976 et
1213 2905 1318 2976 bene·

322 3026 516 3099 volentiam
545 3024 764 3116 conciliabit,
794 3038 849 3114 ut,
879 3027 1017 3097 etiamsi
1041 3027 1078 3096 in
1102 3026 1315 3123 quibusdam

324 3180 382 3226 me
393 3178 558 3253 peccasse
571 3154 784 3242 existiment,
802 3152 958 3249 aliquam
972 3168 1089 3227 tamen
1102 3155 1246 3254 optimae
1259 3179 1318 3226 vo-

324 3276 468 3351 luntatis
484 3302 572 3349 meae
589 3277 764 3349 rationem
782 3274 949 3348 habeant.

372 3409 501 3474 Totum
516 3427 604 3474 vero
621 3402 659 3472 in
676 3401 744 3472 hac
765 3400 922 3473 secunda
940 3400 1203 3501 disceptationis
1219 3419 1319 3500 parte

320 3529 484 3601 laborem
509 3527 690 3627 impendi,
712 3542 751 3598 ut
766 3528 902 3626 primu,
918 3551 1081 3622 quasnam
1102 3553 1211 3626 opera
1231 3553 1318 3600 cou-

324 3653 502 3751 scripserit
512 3653 730 3751 Hegesippus
740 3664 947 3723 exveterum
956 3651 1319 3749 testimoniisdisqui·

322 3803 421 3867 ram3
443 3792 519 3848 tum
536 3791 657 3847 utrum
674 3777 828 3865 sincera,
846 3800 891 3846 au
908 3773 1113 3872 ὑποὲολιμαῖα
1135 3777 1205 3848 siut
1225 3776 1319 3849 illius

361 3982 370 4014 ¹
390 3981 495 4040 Fabius
516 3979 636 4053 Quintil.
659 3982 695 4036 de
717 3982 804 4036 instit.
830 3982 959 4049 Orator„
976 3979 1026 4039 lib.
1043 3983 1100 4040 XII
1116 3980 1147 4038 in
1165 3981 1316 4060 proaemio.

320 4075 476 4153 (Lugduni,
494 4077 594 4151 1812),
605 4095 636 4152 p.
651 4077 721 4147 317,
732 4074 752 4131 1.
764 4077 818 4133 ΠΙ.
