3114 4960
665 438 833 507 ...9-

244 591 343 681 sivit,
374 604 549 688 quantum
579 603 662 663 aetas
691 587 926 663 remotissima
953 587 1094 672 siverit,
1119 589 1243 685 paucis

248 730 432 814 repetere..

227 872 237 903 ο
291 837 551 913 Historieorum
567 860 699 910 munus
714 836 811 935 apud
827 835 1023 934 AEgyptios,
1043 834 1241 926 Chaldaeos,
1271 863 1375 960 ursega„
1388 861 1485 907 siarum

243 964 397 1051 ludaeos,
419 966 669 1060 Romanosque
685 986 827 1034 sacrum
842 985 884 1034 ae
907 961 993 1032 solis
1008 961 1241 1037 commissum
1277 928 1476 1015 mirwidu·

244 1086 506 1160 sanerdotibus¹
525 1088 587 1160 diu
612 1087 820 1186 permansit.
849 1088 930 1157 Non
958 1084 1091 1156 minori
1121 1100 1242 1159 autam

244 1212 350 1285 laude
366 1213 522 1287 Ecclesia
537 1213 688 1301 Christi,
704 1211 832 1284 eadem
853 1208 998 1305 vestigia
1022 1225 1144 1285 secum
1170 1225 1239 1282 est.

244 1336 338 1411 Silen
353 1337 524 1436 equidem
535 1336 785 1434 Evangelicam
802 1334 933 1408 Christi
946 1335 1145 1424 historiam,
1165 1347 1242 1410 tum

244 1461 490 1558 apostolorum
517 1465 634 1549 Aous,
652 1484 744 1557 quos
760 1458 888 1533 beatus
915 1463 1040 1549 Lucas,
1062 1457 1161 1533 Pauli
1177 1484 1245 1533 au-

245 1583 354 1673 ditor,
369 1584 598 1683 conseripsit;
617 1585 680 1682 qui
689 1584 838 1682 quidem
847 1582 929 1657 libri
939 1583 987 1657 ad
998 1583 1247 1657 retundendos

245 1688 435 1785 Christiani
461 1710 615 1783 nominis
629 1710 750 1787 hostes
774 1708 998 1800 sufficerent,
1018 1709 1109 1783 adeo
1131 1710 1169 1781 in
1197 1710 1248 1781 eis

245 1832 374 1909 diviuae
391 1834 549 1908 veritatis
571 1834 745 1932 splendor
760 1833 932 1933 pellucet,
953 1832 1046 1905 aden
1063 1833 1100 1907 in
1118 1856 1245 1905 eorum

246 1959 452 2032 auctoribus
464 1974 625 2058 apparet,
640 1961 780 2031 animus
793 1960 868 2030 veri
877 1960 1086 2059 virtutisque
1102 1982 1244 2048 amans,

247 2098 283 2154 et
297 2083 487 2154 inaffectati
503 2082 670 2155 candoris
684 2082 814 2180 fulgor.

295 2205 349 2278 Ab
366 2208 450 2304 ipsis
464 2221 586 2278 autem
610 2206 895 2306 propemodum,
914 2222 953 2278 ut
971 2208 1112 2279 Barouii
1128 2207 1248 2280 verbis
1274 2242 1487 2286 mmmm,

247 2336 352 2421 utar¹,
367 2331 521 2404 ecelesiae
534 2334 703 2403 Romane
713 2330 912 2421 ounabulis,
927 2331 1092 2405 Clemens
1107 2333 1170 2429 qui
1180 2347 1249 2404 ter·
1288 2293 1474 2392 ,affla-

246 2455 315 2527 tius
327 2470 409 2554 post
418 2455 564 2527 beatum
579 2459 733 2547 Petrum,
746 2455 945 2527 christinam
956 2455 1135 2553 religionis
1147 2481 1247 2527 sum,

247 2602 327 2651 mus
343 2579 408 2651 fnit
426 2581 590 2671 antistes,
608 2595 746 2677 septem
768 2581 932 2678 elegerat⁴
947 2581 1105 2653 notarios
1123 2583 1185 2678 qui
1210 2583 1249 2657 iu

247 2728 304 2775 res
325 2703 601 2777 conscribendas
626 2706 782 2783 ecclesie
807 2721 952 2778 strenue
984 2706 1246 2780 incumberent.

248 2827 387 2913 Quibus
402 2843 526 2925 postea
547 2828 697 2901 totidem
713 2827 826 2901 additi
847 2845 931 2901 sunt
947 2829 1159 2903 subdianoni
1185 2856 1249 2903 oo·

247 2953 416 3051 gnitores.
435 2957 524 3041 Quae
542 2955 665 3027 omnia
690 2954 959 3051 diligentissime
986 2956 1117 3053 scripta
1141 2970 1249 3053 atquo
1279 2966 1281 2969 ’

248 3079 450 3174 recognita,
483 3103 506 3150 a
541 3082 705 3151 Romano
742 3077 913 3175 pontifice
945 3079 1084 3176 singula
1113 3081 1247 3178 pariter

248 3204 468 3277 exactissime
484 3202 681 3301 disquisita,
690 3204 728 3274 ia
740 3202 890 3302 publicis
905 3203 1059 3277 ecolosiae
1068 3204 1250 3279 tabulariis

248 3325 531 3398 condebantur³.
559 3331 640 3398 Haeo
674 3342 794 3399 autern
823 3342 897 3400 tam
928 3343 1097 3401 acaurato
1127 3331 1249 3411 studio

248 3465 474 3548 eomparata,
511 3431 725 3548 summaque
764 3452 944 3548 diligentia
978 3453 1181 3542 custodita,
1214 3469 1251 3527 et

249 3576 471 3648 Diocletiano
488 3576 700 3674 imperante,
719 3578 874 3647 maximo
888 3577 996 3647 totius
1014 3578 1167 3649 ecclesiae
1185 3579 1249 3649 de·

250 3704 418 3775 trimento
445 3726 516 3775 uua
542 3726 625 3773 cum
654 3702 762 3775 sacris
788 3703 918 3776 divinae
942 3704 1124 3802 scripturae
1147 3705 1247 3778 libris

289 3921 299 3956 ¹
319 3923 436 4000 loseph.
453 3935 482 3981 et
493 3924 532 3981 al.
549 3943 596 4001 ap.
613 3926 733 3996 Buram,
748 3937 769 3981 t.
786 3927 825 3994 11,
845 3922 936 4000 Pnef.
957 3924 1019 3983 init.

290 4016 302 4050 ¹
321 4019 471 4090 Batonius,
486 4032 506 4077 t.
526 4023 564 4079 11.
580 4019 671 4096 Proef.
688 4019 750 4078 init.

290 4111 301 4143 ³
321 4111 471 4181 Batonius,
488 4117 591 4171 Annal.
609 4118 718 4183 eccles,
735 4126 755 4169 t.
772 4117 811 4185 11,
826 4111 947 4188 Ptuefut.
964 4111 1025 4170 init.
