3114 4960
725 382 922 454 -56-

325 546 459 633 νάμιως,
479 545 531 608 καί
549 540 649 630 μελλει
666 543 809 633 ἔρχεσθαι
823 540 869 606 ε’πί
886 547 945 606 τῶν
961 540 1087 632 νεφελῶν
1103 547 1155 607 τοῦ
1176 540 1318 634 ούρανοῦ.

325 664 385 729 Καὶ
402 661 517 728 πολλῶν
533 642 823 754 πληροφορηθέντων,
843 661 894 724 καί
914 655 1100 736 δοξαζόντων
1117 658 1162 726 ἐπί
1181 668 1217 749 τῇ
1235 685 1320 753 μαρ-

327 782 414 872 τυρίᾳ
430 784 482 847 τοῦ
499 764 653 863 Ῐακῶθον,
673 781 726 844 καί
749 778 905 869 λεγόντων
926 778 1043 854 ὡςαννά
1063 786 1105 865 τῷ
1128 780 1184 865 υἱῷ
1200 772 1319 862 Δάθιθ,

326 898 393 964 τότε
404 896 495 964 πάλιν
507 898 534 963 οί
548 895 635 962 αύτοί
646 905 835 987 γραμματεῖς
845 897 897 961 καί
911 901 1075 989 Φαρισαῖοι
1088 897 1162 987 πρὸς
1175 895 1321 972 ἀλλήλους

327 1014 439 1107 ἔλεγον·
459 1021 562 1089 κακῶς
578 1012 763 1101 ἐποιησάμην
778 1011 919 1084 τοιαύτην
931 1016 1097 1105 μαρτυρίαν
1110 1013 1321 1105 παρασχόντες

327 1141 370 1221 τῷ
386 1116 488 1205 ίησοῦ·
510 1131 589 1198 ἀλλὰ
612 1129 776 1207 άναθάντες
793 1128 1013 1219 καταθάλωμεν
1031 1131 1137 1221 αὐτὸν,
1159 1132 1207 1197 ίνά
1224 1128 1320 1222 φοθη·

328 1250 425 1328 θέντες
441 1250 482 1339 μή
496 1248 700 1316 πιστεύσωσιν
716 1248 813 1336 αύτῷ.
831 1250 890 1315 Καί
905 1245 1034 1341 ἔκραξαν
1046 1249 1195 1340 λέγοντες·
1215 1255 1258 1334 ὥ,
1278 1255 1320 1332 ὤ,

328 1370 419 1435 καίὸ
437 1364 555 1445 δίκαιος
572 1366 735 1439 ἐπλανήθη.
754 1369 813 1432 Καὶ
831 1366 1006 1458 ἐπλήρωσαν
1022 1368 1075 1438 τήν
1091 1369 1208 1459 γραφὴν
1223 1367 1323 1439 τήνέν

328 1493 372 1573 τῷ
385 1466 489 1570 θοαίφι
501 1483 721 1576 γεγραμμένην,
734 1491 854 1575 άρωμεν
864 1485 916 1550 τὸν
929 1480 1061 1563 δίκαιον,
1075 1484 1120 1550 ὅτι
1133 1480 1324 1576 δύσχρηστος

330 1604 400 1690 ἡμῖν
416 1601 493 1668 ἐστί.
508 1603 611 1668 Τοίνυν
626 1603 666 1667 τὰ
681 1605 853 1692 γεννήματα
868 1609 926 1667 τῶν
941 1600 1035 1692 ι’ργῶν
1051 1601 1150 1668 αὐτῶν
1161 1606 1320 1695 φάγονται.

330 1702 501 1799 Ᾰναθοίντες
518 1713 570 1787 σύν
585 1719 753 1788 κατίθαλον
768 1722 819 1785 τὸν
836 1716 968 1804 δίκαιον,
984 1723 1035 1786 καί
1054 1721 1155 1813 ἔλεγον
1168 1719 1320 1806 ἀλλήλοις,

330 1839 500 1928 λιθάσωμεν
513 1824 647 1906 ίάκωθον
657 1840 707 1906 τὸν
719 1835 850 1905 δίκαιον.
864 1841 922 1905 Καί
936 1834 1063 1930 ἤρξαντο
1075 1839 1206 1916 λιθάζειν
1218 1839 1322 1922 αὐτόν,

331 1958 393 2025 ε’πιί
421 1957 621 2035 καταθληθιίς
646 1958 700 2024 οὐκ
725 1958 890 2042 ἀπέθανεν,
914 1957 992 2023 ἀλλά
1014 1960 1157 2050 στραφεὶς
1176 1960 1264 2030 ἔθηκε
1286 1960 1325 2023 τά

331 2075 448 2165 γόνατα
464 2074 570 2166 λέγων·
583 2074 752 2166 παρακαλῶ
766 2074 853 2167 κύριε
869 2073 915 2140 θεὲ
930 2078 1042 2166 πάτερ,
1061 2081 1136 2166 άφες
1153 2074 1268 2152 αὐτοῖς’
1290 2076 1325 2141 ού

333 2195 392 2284 γὰρ
410 2189 513 2259 οίθασι
529 2217 557 2258 τι
573 2198 722 2259 ποιοῦσιν.
741 2189 829 2258 Ούτω
843 2189 877 2258 δὲ
895 2191 1206 2259 καταλιθοθολούντων
1219 2192 1323 2278 αὐτόν,

333 2306 376 2388 εἷς
391 2319 451 2376 τῶν
466 2310 567 2403 ἱερέων
584 2320 642 2378 τῶν
659 2312 731 2378 υἱῶν
752 2292 861 2400 θήχαθ
876 2312 943 2377 υἱοῦ
957 2291 1116 2400 θηχαθείμ
1131 2319 1189 2377 τῶν
1205 2337 1325 2405 μαρτυ-

333 2430 481 2520 ρουμένων
504 2427 561 2497 ὑπὸ
583 2414 714 2522 Ῐερεμίου
735 2435 788 2496 τοῦ
810 2431 960 2522 προφήτου
983 2432 1091 2522 ἕκραζε
1112 2430 1218 2522 λέγων·
1242 2431 1325 2525 παύ-

334 2550 442 2630 σασθε,
453 2550 484 2612 τί
498 2556 630 2625 ποιοίης
649 2549 770 2637 εύχεται
784 2545 856 2639 ὑπὲρ
873 2546 955 2637 ὑμῶν
971 2547 986 2613 ὁ
1005 2543 1137 2625 δίκαιος.
1153 2552 1212 2614 Καί
1225 2549 1326 2615 λαθὼν

333 2668 380 2743 τίς
396 2659 449 2732 ἀπ’
471 2665 570 2731 αὐτῶν
589 2660 632 2742 είς
647 2674 704 2732 τῶν
720 2666 868 2758 γναφίων,
887 2667 921 2733 τὸ
938 2662 1023 2743 ξύλον
1038 2665 1069 2732 ἐν
1089 2660 1270 2754 ᾧάπεπίεζι
1287 2672 1326 2759 τά

335 2784 459 2872 ἱμάτια,
485 2791 589 2876 ήνεγκι
605 2787 687 2851 κατὰ
703 2793 756 2861 τῆς
772 2785 903 2876 κεφαλῆς
920 2790 973 2851 τοῦ
993 2781 1128 2851 δικαίου.
1152 2788 1211 2851 Καί
1233 2783 1327 2863 οὕτως

334 2902 534 2995 ἐμαρτύρησε·
552 2905 605 2969 καί
624 2903 740 2991 ἔθαψαν
754 2902 845 2970 αὐτὸν
861 2903 907 2969 ε’πί
926 2911 969 2991 τῷ
986 2904 1068 2992 τόπῳ
1082 2905 1167 2995 παρά
1186 2911 1228 2991 τῷ
1244 2912 1324 2991 ναῷ,

334 3021 386 3085 καί
412 3022 454 3084 ἔτι
473 3019 566 3086 αὐτοῦ
584 3023 604 3092 ἡ
622 3019 716 3092 στήλη
735 3020 814 3108 με’νει
834 3022 919 3113 παρά
942 3027 985 3107 τῷ
1004 3029 1081 3106 ναῷ.
1102 3022 1222 3111 Μάρτυς
1242 3011 1327 3096 οὗτος

333 3136 447 3212 ἀληθής
471 3121 621 3214 ίονθαίοις
645 3163 677 3204 τε
700 3141 752 3204 καί
776 3116 890 3211 θλλησι
913 3137 1091 3230 γεγένηται,
1119 3138 1163 3205 ὅτι
1186 3122 1326 3214 ίησοῡςὸ

333 3256 462 3345 Χριστός
477 3254 556 3320 ἐστι.
571 3257 630 3322 Καί
646 3254 730 3331 εύθύς
743 3255 973 3333 Ούεσπασίανος
988 3257 1140 3348 πολιορκεῖ
1153 3256 1275 3334 αύτούς.

674 3428 910 3478 FRAGMENTUM
936 3433 991 3477 111·

566 3536 569 3543 ¹
584 3556 633 3619 (Ex
646 3555 733 3608 Ευεοί).
747 3557 827 3618 Πίον,
838 3559 881 3606 nb.
895 3555 928 3618 11,
941 3572 963 3607 c.
976 3558 1065 3621 πτειν.)

93 3671 306 3779 ffizjgssfflffi‘*
381 3654 434 3743 θὶτι
453 3673 486 3742 δὲ
503 3688 649 3770 περιῆσαν
663 3680 689 3745 οἶ
708 3682 767 3746 άπὸ
784 3680 887 3771 γένους
905 3684 958 3745 τοῦ
974 3683 1085 3772 Κυρίου
1101 3681 1200 3746 υἱωνοὶ
1219 3664 1326 3764 Ῐούθα,

126 3779 209 3823 uanum
224 3780 277 3824 ‘⁹¹⁸‘
331 3802 384 3862 τού
405 3798 486 3862 κατά
510 3799 612 3887 σάρκα
632 3797 791 3890 λεγομένου
813 3798 906 3864 αὐτοῦ
929 3794 1080 3891 ἀδελφοῦ,
1106 3797 1157 3877 ούς
1176 3795 1327 3871 ἐθηλατύ-

331 3937 454 4004 ρευσαν,
482 3916 523 3990 ὡς
540 3912 573 3978 ἐκ
588 3914 690 4005 γένους
717 3922 803 3990 ὄντας
819 3912 929 3980 Δάθιθ.
948 3916 1075 3993 Τούτους
1091 3914 1121 3982 θ’
1136 3919 1151 3983 ὁ
1167 3902 1328 3994 ίουόκατος

331 4038 428 4123 Ιίίγαγε
445 4033 517 4122 πρὸς
536 4033 713 4119 Δομετιανὸν
731 4034 885 4125 Καίσαρα·
908 4033 1041 4124 ε’φοθεῖτο
1059 4038 1118 4126 γάρ
1135 4036 1186 4106 τήν
1206 4060 1327 4127 παρου-
