<?xml version="1.0" encoding="UTF-8"?>
<!DOCTYPE html PUBLIC "-//W3C//DTD XHTML 1.0 Transitional//EN"
    "http://www.w3.org/TR/xhtml1/DTD/xhtml1-transitional.dtd">
<html xmlns="http://www.w3.org/1999/xhtml" xml:lang="en" lang="en">
 <head>
  <title>
</title>
<meta http-equiv="Content-Type" content="text/html;charset=utf-8" />
  <meta name='ocr-system' content='tesseract 3.04.00' />
  <meta name='ocr-capabilities' content='ocr_page ocr_carea ocr_par ocr_line ocrx_word'/>
</head>
<body>
  <div class='ocr_page' id='page_1' title='image "./dehegesippodisq00lavigoog_0053.png"; bbox 0 0 3114 4960; ppageno 0'>
   <div class='ocr_carea' id='block_1_1' title="bbox 713 411 905 482">
    <p class='ocr_par' dir='ltr' id='par_1_1' title="bbox 713 411 905 482">
     <span class='ocr_line' id='line_1_1' title="bbox 713 411 905 482; baseline 0 -17"><span class='ocrx_word' id='word_1_1' title='bbox 713 411 905 482; x_wconf 63' lang='lat'><em>...204-</em></span> 
     </span>
    </p>
   </div>
   <div class='ocr_carea' id='block_1_2' title="bbox 308 562 1315 4145">
    <p class='ocr_par' dir='ltr' id='par_1_2' title="bbox 311 562 1312 1160">
     <span class='ocr_line' id='line_1_2' title="bbox 311 562 1312 663; baseline -0.004 -27"><span class='ocrx_word' id='word_1_2' title='bbox 311 565 411 663; x_wconf 84' lang='lat' dir='ltr'><strong>quod</strong></span> <span class='ocrx_word' id='word_1_3' title='bbox 428 564 474 637; x_wconf 92' lang='lat' dir='ltr'><strong>de</strong></span> <span class='ocrx_word' id='word_1_4' title='bbox 490 564 678 661; x_wconf 81' lang='lat' dir='ltr'><strong>Hegesippi</strong></span> <span class='ocrx_word' id='word_1_5' title='bbox 695 562 766 635; x_wconf 89' lang='lat' dir='ltr'><strong>fide</strong></span> <span class='ocrx_word' id='word_1_6' title='bbox 778 562 1006 635; x_wconf 89' lang='lat' dir='ltr'><strong>sentiendum</strong></span> <span class='ocrx_word' id='word_1_7' title='bbox 1021 575 1157 660; x_wconf 90' lang='lat' dir='ltr'><strong>putem,</strong></span> <span class='ocrx_word' id='word_1_8' title='bbox 1178 562 1312 650; x_wconf 86' lang='lat' dir='ltr'><strong>medin,</strong></span> 
     </span>
     <span class='ocr_line' id='line_1_3' title="bbox 313 686 1312 785; baseline -0.003 -24"><span class='ocrx_word' id='word_1_9' title='bbox 313 705 352 763; x_wconf 92' lang='lat' dir='ltr'><strong>ut</strong></span> <span class='ocrx_word' id='word_1_10' title='bbox 369 691 419 761; x_wconf 89' lang='lat' dir='ltr'><strong>sic</strong></span> <span class='ocrx_word' id='word_1_11' title='bbox 435 689 598 778; x_wconf 86' lang='lat' dir='ltr'><strong>dixerim,</strong></span> <span class='ocrx_word' id='word_1_12' title='bbox 623 689 679 758; x_wconf 87' lang='lat' dir='ltr'><strong>via</strong></span> <span class='ocrx_word' id='word_1_13' title='bbox 695 686 741 759; x_wconf 92' lang='lat' dir='ltr'><strong>ab</strong></span> <span class='ocrx_word' id='word_1_14' title='bbox 762 688 823 759; x_wconf 84' lang='lat' dir='ltr'><strong>ilio</strong></span> <span class='ocrx_word' id='word_1_15' title='bbox 837 687 1095 785; x_wconf 88' lang='lat' dir='ltr'><strong>disputantium</strong></span> <span class='ocrx_word' id='word_1_16' title='bbox 1108 700 1193 757; x_wconf 84' lang='lat' dir='ltr'><strong>aestu</strong></span> <span class='ocrx_word' id='word_1_17' title='bbox 1212 688 1312 758; x_wconf 88' lang='lat' dir='ltr'><strong>insis-</strong></span> 
     </span>
     <span class='ocr_line' id='line_1_4' title="bbox 313 810 1310 909; baseline -0.006 -23"><span class='ocrx_word' id='word_1_18' title='bbox 313 829 414 905; x_wconf 82' lang='lat' dir='ltr'><strong>tens3</strong></span> <span class='ocrx_word' id='word_1_19' title='bbox 432 838 515 885; x_wconf 89' lang='lat' dir='ltr'><strong>nam</strong></span> <span class='ocrx_word' id='word_1_20' title='bbox 532 812 607 884; x_wconf 88' lang='lat' dir='ltr'><strong>haec</strong></span> <span class='ocrx_word' id='word_1_21' title='bbox 625 812 823 883; x_wconf 84' lang='lat' dir='ltr'>moderatio</span> <span class='ocrx_word' id='word_1_22' title='bbox 840 811 1231 909; x_wconf 84' lang='lat' dir='ltr'><strong>aiibiperopportuna,</strong></span> <span class='ocrx_word' id='word_1_23' title='bbox 1250 810 1310 880; x_wconf 91' lang='lat' dir='ltr'><strong>hic</strong></span> 
     </span>
     <span class='ocr_line' id='line_1_5' title="bbox 313 935 1307 1035; baseline -0.004 -26"><span class='ocrx_word' id='word_1_24' title='bbox 313 940 376 1011; x_wconf 92' lang='lat' dir='ltr'><strong>ubi</strong></span> <span class='ocrx_word' id='word_1_25' title='bbox 393 940 439 1011; x_wconf 91' lang='lat' dir='ltr'><strong>de</strong></span> <span class='ocrx_word' id='word_1_26' title='bbox 455 938 701 1035; x_wconf 89' lang='lat' dir='ltr'><strong>antiquissimo</strong></span> <span class='ocrx_word' id='word_1_27' title='bbox 725 937 965 1010; x_wconf 71' lang='lat' dir='ltr'><strong>ecclesiastice</strong></span> <span class='ocrx_word' id='word_1_28' title='bbox 985 935 1159 1034; x_wconf 79' lang='lat' dir='ltr'><strong>scriptore</strong></span> <span class='ocrx_word' id='word_1_29' title='bbox 1182 936 1307 1032; x_wconf 85' lang='lat' dir='ltr'><strong>agitur,</strong></span> 
     </span>
     <span class='ocr_line' id='line_1_6' title="bbox 312 1061 1129 1160; baseline -0.002 -26"><span class='ocrx_word' id='word_1_30' title='bbox 312 1075 422 1160; x_wconf 89' lang='lat' dir='ltr'><strong>quam</strong></span> <span class='ocrx_word' id='word_1_31' title='bbox 442 1063 594 1134; x_wconf 79' lang='lat' dir='ltr'><strong>maxime</strong></span> <span class='ocrx_word' id='word_1_32' title='bbox 609 1062 748 1135; x_wconf 90' lang='lat' dir='ltr'><strong>videtur</strong></span> <span class='ocrx_word' id='word_1_33' title='bbox 766 1061 974 1135; x_wconf 87' lang='lat' dir='ltr'><strong>necessaria.</strong></span> <span class='ocrx_word' id='word_1_34' title='bbox 1126 1074 1129 1079; x_wconf 87' lang='lat'>&#39;</span> 
     </span>
    </p>

    <p class='ocr_par' dir='ltr' id='par_1_3' title="bbox 311 1185 1315 3025">
     <span class='ocr_line' id='line_1_7' title="bbox 361 1185 1311 1285; baseline -0.005 -26"><span class='ocrx_word' id='word_1_35' title='bbox 361 1189 600 1285; x_wconf 83' lang='lat' dir='ltr'><strong>Hegesippum</strong></span> <span class='ocrx_word' id='word_1_36' title='bbox 612 1188 717 1284; x_wconf 86' lang='lat' dir='ltr'><strong>igitur</strong></span> <span class='ocrx_word' id='word_1_37' title='bbox 732 1212 909 1285; x_wconf 87' lang='lat' dir='ltr'><strong>nusquam</strong></span> <span class='ocrx_word' id='word_1_38' title='bbox 921 1186 1089 1273; x_wconf 85' lang='lat' dir='ltr'><strong>extitisse,</strong></span> <span class='ocrx_word' id='word_1_39' title='bbox 1109 1185 1164 1257; x_wconf 89' lang='lat' dir='ltr'><strong>vel</strong></span> <span class='ocrx_word' id='word_1_40' title='bbox 1178 1209 1220 1257; x_wconf 86' lang='lat' dir='ltr'><strong>ea</strong></span> <span class='ocrx_word' id='word_1_41' title='bbox 1234 1209 1311 1282; x_wconf 85' lang='lat' dir='ltr'><strong>quae</strong></span> 
     </span>
     <span class='ocr_line' id='line_1_8' title="bbox 312 1309 1310 1409; baseline -0.003 -27"><span class='ocrx_word' id='word_1_42' title='bbox 312 1311 410 1409; x_wconf 91' lang='lat' dir='ltr'><strong>apud</strong></span> <span class='ocrx_word' id='word_1_43' title='bbox 428 1311 621 1384; x_wconf 86' lang='lat' dir='ltr'><strong>Eusebium</strong></span> <span class='ocrx_word' id='word_1_44' title='bbox 637 1311 729 1383; x_wconf 85' lang='lat' dir='ltr'><strong>illius</strong></span> <span class='ocrx_word' id='word_1_45' title='bbox 741 1312 888 1384; x_wconf 92' lang='lat' dir='ltr'><strong>nomine</strong></span> <span class='ocrx_word' id='word_1_46' title='bbox 905 1312 1040 1407; x_wconf 85' lang='lat' dir='ltr'><strong>signata</strong></span> <span class='ocrx_word' id='word_1_47' title='bbox 1058 1309 1221 1406; x_wconf 83' lang='lat' dir='ltr'><strong>legimus,</strong></span> <span class='ocrx_word' id='word_1_48' title='bbox 1235 1334 1310 1380; x_wconf 88' lang='lat' dir='ltr'><strong>non</strong></span> 
     </span>
     <span class='ocr_line' id='line_1_9' title="bbox 312 1431 1310 1534; baseline -0.003 -29"><span class='ocrx_word' id='word_1_49' title='bbox 312 1436 580 1534; x_wconf 87' lang='lat' dir='ltr'><strong>scripsisse,etsi</strong></span> <span class='ocrx_word' id='word_1_50' title='bbox 588 1435 778 1532; x_wconf 89' lang='lat' dir='ltr'><strong>quidamin</strong></span> <span class='ocrx_word' id='word_1_51' title='bbox 787 1435 936 1508; x_wconf 90' lang='lat' dir='ltr'><strong>dubium</strong></span> <span class='ocrx_word' id='word_1_52' title='bbox 947 1458 1126 1507; x_wconf 80' lang='lat' dir='ltr'><strong>vocareex</strong></span> <span class='ocrx_word' id='word_1_53' title='bbox 1138 1431 1310 1505; x_wconf 86' lang='lat' dir='ltr'><strong>industria</strong></span> 
     </span>
     <span class='ocr_line' id='line_1_10' title="bbox 314 1558 1312 1656; baseline 0 -27"><span class='ocrx_word' id='word_1_54' title='bbox 314 1559 504 1649; x_wconf 89' lang='lat' dir='ltr'><strong>voluerint,</strong></span> <span class='ocrx_word' id='word_1_55' title='bbox 524 1558 581 1629; x_wconf 86' lang='lat' dir='ltr'><strong>vix</strong></span> <span class='ocrx_word' id='word_1_56' title='bbox 601 1558 791 1656; x_wconf 85' lang='lat' dir='ltr'><strong>quisquam</strong></span> <span class='ocrx_word' id='word_1_57' title='bbox 810 1583 905 1630; x_wconf 83' lang='lat' dir='ltr'><strong>sanae</strong></span> <span class='ocrx_word' id='word_1_58' title='bbox 925 1560 1055 1631; x_wconf 88' lang='lat' dir='ltr'><strong>mentis</strong></span> <span class='ocrx_word' id='word_1_59' title='bbox 1074 1558 1204 1631; x_wconf 82' lang='lat' dir='ltr'><strong>audeat</strong></span> <span class='ocrx_word' id='word_1_60' title='bbox 1223 1580 1312 1629; x_wconf 84' lang='lat' dir='ltr'><strong>esse·</strong></span> 
     </span>
     <span class='ocr_line' id='line_1_11' title="bbox 313 1681 1309 1782; baseline -0.003 -27"><span class='ocrx_word' id='word_1_61' title='bbox 313 1709 404 1756; x_wconf 86' lang='lat' dir='ltr'><strong>rere.</strong></span> <span class='ocrx_word' id='word_1_62' title='bbox 427 1689 499 1757; x_wconf 90' lang='lat' dir='ltr'><strong>Nec</strong></span> <span class='ocrx_word' id='word_1_63' title='bbox 514 1683 626 1780; x_wconf 85' lang='lat' dir='ltr'><strong>magis</strong></span> <span class='ocrx_word' id='word_1_64' title='bbox 640 1681 773 1754; x_wconf 81' lang='lat' dir='ltr'><strong>fraudis</strong></span> <span class='ocrx_word' id='word_1_65' title='bbox 796 1684 1037 1782; x_wconf 87' lang='lat' dir='ltr'><strong>suspicionem</strong></span> <span class='ocrx_word' id='word_1_66' title='bbox 1056 1684 1092 1754; x_wconf 91' lang='lat' dir='ltr'><strong>in</strong></span> <span class='ocrx_word' id='word_1_67' title='bbox 1111 1708 1194 1755; x_wconf 89' lang='lat' dir='ltr'><strong>eum</strong></span> <span class='ocrx_word' id='word_1_68' title='bbox 1220 1682 1309 1755; x_wconf 86' lang='lat' dir='ltr'><strong>unti-</strong></span> 
     </span>
     <span class='ocr_line' id='line_1_12' title="bbox 313 1806 1312 1905; baseline -0.002 -27"><span class='ocrx_word' id='word_1_69' title='bbox 313 1808 521 1903; x_wconf 89' lang='lat' dir='ltr'><strong>quissimum</strong></span> <span class='ocrx_word' id='word_1_70' title='bbox 539 1806 748 1904; x_wconf 82' lang='lat' dir='ltr'><strong>scriptorem</strong></span> <span class='ocrx_word' id='word_1_71' title='bbox 771 1806 900 1879; x_wconf 89' lang='lat' dir='ltr'><strong>cadere</strong></span> <span class='ocrx_word' id='word_1_72' title='bbox 923 1809 1048 1905; x_wconf 89' lang='lat' dir='ltr'><strong>patiar.</strong></span> <span class='ocrx_word' id='word_1_73' title='bbox 1074 1813 1164 1898; x_wconf 91' lang='lat' dir='ltr'><strong>Nec,</strong></span> <span class='ocrx_word' id='word_1_74' title='bbox 1186 1810 1216 1878; x_wconf 91' lang='lat' dir='ltr'><strong>si</strong></span> <span class='ocrx_word' id='word_1_75' title='bbox 1239 1807 1312 1904; x_wconf 91' lang='lat' dir='ltr'><strong>pati</strong></span> 
     </span>
     <span class='ocr_line' id='line_1_13' title="bbox 315 1931 1311 2031; baseline 0 -30"><span class='ocrx_word' id='word_1_76' title='bbox 315 1932 459 2022; x_wconf 88' lang='lat' dir='ltr'><strong>vellem,</strong></span> <span class='ocrx_word' id='word_1_77' title='bbox 478 1946 556 2005; x_wconf 89' lang='lat' dir='ltr'><strong>tum</strong></span> <span class='ocrx_word' id='word_1_78' title='bbox 571 1957 699 2003; x_wconf 88' lang='lat' dir='ltr'><strong>aureus</strong></span> <span class='ocrx_word' id='word_1_79' title='bbox 717 1931 775 2002; x_wconf 88' lang='lat' dir='ltr'><strong>ille</strong></span> <span class='ocrx_word' id='word_1_80' title='bbox 793 1933 855 2028; x_wconf 94' lang='lat' dir='ltr'><strong>qui</strong></span> <span class='ocrx_word' id='word_1_81' title='bbox 872 1933 910 2003; x_wconf 89' lang='lat' dir='ltr'><strong>in</strong></span> <span class='ocrx_word' id='word_1_82' title='bbox 927 1933 1002 2029; x_wconf 86' lang='lat' dir='ltr'><strong>ejus</strong></span> <span class='ocrx_word' id='word_1_83' title='bbox 1016 1933 1154 2031; x_wconf 87' lang='lat' dir='ltr'><strong>scriptis</strong></span> <span class='ocrx_word' id='word_1_84' title='bbox 1166 1933 1262 2004; x_wconf 90' lang='lat' dir='ltr'><strong>lucet</strong></span> <span class='ocrx_word' id='word_1_85' title='bbox 1276 1946 1311 2002; x_wconf 88' lang='lat' dir='ltr'><strong>et</strong></span> 
     </span>
     <span class='ocr_line' id='line_1_14' title="bbox 314 2054 1312 2153; baseline -0.001 -29"><span class='ocrx_word' id='word_1_86' title='bbox 314 2055 498 2126; x_wconf 80' lang='lat' dir='ltr'><strong>ineffectus</strong></span> <span class='ocrx_word' id='word_1_87' title='bbox 507 2054 655 2145; x_wconf 87' lang='lat' dir='ltr'><strong>candor,</strong></span> <span class='ocrx_word' id='word_1_88' title='bbox 673 2068 749 2125; x_wconf 93' lang='lat' dir='ltr'><strong>tum</strong></span> <span class='ocrx_word' id='word_1_89' title='bbox 759 2055 1105 2153; x_wconf 75' lang='lat' dir='ltr'><strong>purissinrae‘virtutis</strong></span> <span class='ocrx_word' id='word_1_90' title='bbox 1116 2057 1221 2146; x_wconf 83' lang='lat' dir='ltr'><strong>fama,</strong></span> <span class='ocrx_word' id='word_1_91' title='bbox 1233 2079 1312 2151; x_wconf 85' lang='lat' dir='ltr'><strong>quae</strong></span> 
     </span>
     <span class='ocr_line' id='line_1_15' title="bbox 314 2177 1311 2278; baseline -0.002 -28"><span class='ocrx_word' id='word_1_92' title='bbox 314 2178 414 2251; x_wconf 84' lang='lat' dir='ltr'><strong>iilum</strong></span> <span class='ocrx_word' id='word_1_93' title='bbox 437 2194 644 2252; x_wconf 85' lang='lat' dir='ltr'><strong>sanctorum</strong></span> <span class='ocrx_word' id='word_1_94' title='bbox 670 2177 798 2251; x_wconf 89' lang='lat' dir='ltr'><strong>tabulis</strong></span> <span class='ocrx_word' id='word_1_95' title='bbox 822 2179 1025 2278; x_wconf 81' lang='lat' dir='ltr'><strong>adscripsit3</strong></span> <span class='ocrx_word' id='word_1_96' title='bbox 1050 2195 1128 2252; x_wconf 89' lang='lat' dir='ltr'><strong>tum</strong></span> <span class='ocrx_word' id='word_1_97' title='bbox 1156 2179 1311 2275; x_wconf 91' lang='lat' dir='ltr'><strong>denique</strong></span> 
     </span>
     <span class='ocr_line' id='line_1_16' title="bbox 312 2303 1312 2401; baseline -0.004 -25"><span class='ocrx_word' id='word_1_98' title='bbox 312 2304 468 2395; x_wconf 86' lang='lat' dir='ltr'><strong>Eusebii,</strong></span> <span class='ocrx_word' id='word_1_99' title='bbox 484 2304 705 2399; x_wconf 87' lang='lat' dir='ltr'><strong>Hieronymi,</strong></span> <span class='ocrx_word' id='word_1_100' title='bbox 721 2303 946 2401; x_wconf 85' lang='lat' dir='ltr'><strong>aliorumque</strong></span> <span class='ocrx_word' id='word_1_101' title='bbox 961 2320 1140 2401; x_wconf 85' lang='lat' dir='ltr'><strong>quotquot</strong></span> <span class='ocrx_word' id='word_1_102' title='bbox 1159 2319 1242 2376; x_wconf 88' lang='lat' dir='ltr'><strong>sunt</strong></span> <span class='ocrx_word' id='word_1_103' title='bbox 1259 2327 1312 2373; x_wconf 89' lang='lat' dir='ltr'><strong>ec·</strong></span> 
     </span>
     <span class='ocr_line' id='line_1_17' title="bbox 311 2414 1308 2525; baseline 0.001 -27"><span class='ocrx_word' id='word_1_104' title='bbox 311 2414 511 2501; x_wconf 85' lang='lat' dir='ltr'><strong>ciesiasticae</strong></span> <span class='ocrx_word' id='word_1_105' title='bbox 522 2430 677 2500; x_wconf 87' lang='lat' dir='ltr'><strong>historiae</strong></span> <span class='ocrx_word' id='word_1_106' title='bbox 690 2430 904 2525; x_wconf 87' lang='lat' dir='ltr'><strong>scriptorum</strong></span> <span class='ocrx_word' id='word_1_107' title='bbox 916 2430 1118 2501; x_wconf 89' lang='lat' dir='ltr'><strong>testimonia</strong></span> <span class='ocrx_word' id='word_1_108' title='bbox 1139 2429 1308 2515; x_wconf 82' lang='lat' dir='ltr'><strong>sinerent,</strong></span> 
     </span>
     <span class='ocr_line' id='line_1_18' title="bbox 312 2548 1315 2649; baseline 0.006 -27"><span class='ocrx_word' id='word_1_109' title='bbox 312 2575 391 2646; x_wconf 87' lang='lat' dir='ltr'><strong>quae</strong></span> <span class='ocrx_word' id='word_1_110' title='bbox 401 2548 659 2622; x_wconf 84' lang='lat' dir='ltr'><strong>sanctissimum</strong></span> <span class='ocrx_word' id='word_1_111' title='bbox 674 2552 1049 2649; x_wconf 85' lang='lat' dir='ltr'><strong>accuratissimumque</strong></span> <span class='ocrx_word' id='word_1_112' title='bbox 1062 2553 1099 2623; x_wconf 92' lang='lat' dir='ltr'><strong>in</strong></span> <span class='ocrx_word' id='word_1_113' title='bbox 1117 2551 1315 2629; x_wconf 85' lang='lat' dir='ltr'><strong>scribendis.</strong></span> 
     </span>
     <span class='ocr_line' id='line_1_19' title="bbox 312 2675 1310 2771; baseline 0.004 -26"><span class='ocrx_word' id='word_1_114' title='bbox 312 2675 475 2747; x_wconf 79' lang='lat' dir='ltr'><strong>Ecclesiae</strong></span> <span class='ocrx_word' id='word_1_115' title='bbox 491 2675 597 2747; x_wconf 88' lang='lat' dir='ltr'><strong>rebus</strong></span> <span class='ocrx_word' id='word_1_116' title='bbox 614 2676 689 2771; x_wconf 88' lang='lat' dir='ltr'><strong>ejus</strong></span> <span class='ocrx_word' id='word_1_117' title='bbox 710 2675 868 2748; x_wconf 89' lang='lat' dir='ltr'><strong>studium</strong></span> <span class='ocrx_word' id='word_1_118' title='bbox 892 2677 1110 2749; x_wconf 83' lang='lat' dir='ltr'><strong>collaudant.</strong></span> <span class='ocrx_word' id='word_1_119' title='bbox 1131 2678 1193 2750; x_wconf 91' lang='lat' dir='ltr'><strong>His</strong></span> <span class='ocrx_word' id='word_1_120' title='bbox 1218 2678 1310 2749; x_wconf 88' lang='lat' dir='ltr'><strong>adde</strong></span> 
     </span>
     <span class='ocr_line' id='line_1_20' title="bbox 311 2801 1309 2901; baseline 0.002 -29"><span class='ocrx_word' id='word_1_121' title='bbox 311 2801 411 2898; x_wconf 92' lang='lat' dir='ltr'><strong>quod</strong></span> <span class='ocrx_word' id='word_1_122' title='bbox 426 2827 446 2873; x_wconf 88' lang='lat' dir='ltr'><strong>e</strong></span> <span class='ocrx_word' id='word_1_123' title='bbox 460 2803 734 2900; x_wconf 86' lang='lat' dir='ltr'><strong>protestantium</strong></span> <span class='ocrx_word' id='word_1_124' title='bbox 746 2827 898 2874; x_wconf 89' lang='lat' dir='ltr'><strong>numero</strong></span> <span class='ocrx_word' id='word_1_125' title='bbox 908 2826 1035 2873; x_wconf 90' lang='lat' dir='ltr'><strong>omnes</strong></span> <span class='ocrx_word' id='word_1_126' title='bbox 1045 2803 1309 2901; x_wconf 89' lang='lat' dir='ltr'><strong>propemodum</strong></span> 
     </span>
     <span class='ocr_line' id='line_1_21' title="bbox 311 2925 1251 3025; baseline 0.001 -28"><span class='ocrx_word' id='word_1_127' title='bbox 311 2931 487 3017; x_wconf 80' lang='lat' dir='ltr'><strong>auctores,</strong></span> <span class='ocrx_word' id='word_1_128' title='bbox 505 2928 802 3025; x_wconf 85' lang='lat' dir='ltr'><strong>Hegesippianam</strong></span> <span class='ocrx_word' id='word_1_129' title='bbox 820 2925 929 2997; x_wconf 88' lang='lat' dir='ltr'><strong>fidem</strong></span> <span class='ocrx_word' id='word_1_130' title='bbox 948 2925 1092 3023; x_wconf 89' lang='lat' dir='ltr'><strong>plurimi</strong></span> <span class='ocrx_word' id='word_1_131' title='bbox 1110 2926 1251 2999; x_wconf 85' lang='lat' dir='ltr'><strong>faciant.</strong></span> 
     </span>
    </p>

    <p class='ocr_par' dir='ltr' id='par_1_4' title="bbox 308 3052 1310 4145">
     <span class='ocr_line' id='line_1_22' title="bbox 359 3052 1307 3152; baseline 0 -29"><span class='ocrx_word' id='word_1_132' title='bbox 359 3058 398 3125; x_wconf 92' lang='lat' dir='ltr'><strong>ln</strong></span> <span class='ocrx_word' id='word_1_133' title='bbox 419 3078 578 3125; x_wconf 90' lang='lat' dir='ltr'><strong>errorem</strong></span> <span class='ocrx_word' id='word_1_134' title='bbox 591 3079 676 3125; x_wconf 87' lang='lat' dir='ltr'><strong>vero</strong></span> <span class='ocrx_word' id='word_1_135' title='bbox 690 3052 884 3151; x_wconf 85' lang='lat' dir='ltr'><strong>aliquando</strong></span> <span class='ocrx_word' id='word_1_136' title='bbox 901 3053 1039 3125; x_wconf 89' lang='lat' dir='ltr'><strong>venisse</strong></span> <span class='ocrx_word' id='word_1_137' title='bbox 1055 3054 1307 3152; x_wconf 86' lang='lat' dir='ltr'><strong>Hegesippum,</strong></span> 
     </span>
     <span class='ocr_line' id='line_1_23' title="bbox 310 3174 1310 3266; baseline 0.002 -20"><span class='ocrx_word' id='word_1_138' title='bbox 310 3190 348 3247; x_wconf 93' lang='lat' dir='ltr'><strong>ut</strong></span> <span class='ocrx_word' id='word_1_139' title='bbox 362 3174 407 3246; x_wconf 93' lang='lat' dir='ltr'><strong>ab</strong></span> <span class='ocrx_word' id='word_1_140' title='bbox 419 3175 567 3247; x_wconf 89' lang='lat' dir='ltr'><strong>homine</strong></span> <span class='ocrx_word' id='word_1_141' title='bbox 581 3177 630 3246; x_wconf 85' lang='lat' dir='ltr'><strong>nit</strong></span> <span class='ocrx_word' id='word_1_142' title='bbox 643 3177 793 3266; x_wconf 74' lang='lat' dir='ltr'><strong>mireriS,</strong></span> <span class='ocrx_word' id='word_1_143' title='bbox 807 3178 856 3248; x_wconf 91' lang='lat' dir='ltr'><strong>ita</strong></span> <span class='ocrx_word' id='word_1_144' title='bbox 868 3176 956 3248; x_wconf 92' lang='lat' dir='ltr'><strong>mihi</strong></span> <span class='ocrx_word' id='word_1_145' title='bbox 967 3177 1067 3249; x_wconf 86' lang='lat' dir='ltr'><strong>fateri</strong></span> <span class='ocrx_word' id='word_1_146' title='bbox 1079 3203 1154 3248; x_wconf 93' lang='lat' dir='ltr'><strong>non</strong></span> <span class='ocrx_word' id='word_1_147' title='bbox 1167 3177 1310 3249; x_wconf 82' lang='lat' dir='ltr'><strong>difficile</strong></span> 
     </span>
     <span class='ocr_line' id='line_1_24' title="bbox 310 3299 1307 3401; baseline 0.003 -30"><span class='ocrx_word' id='word_1_148' title='bbox 310 3313 374 3371; x_wconf 90' lang='lat' dir='ltr'><strong>est.</strong></span> <span class='ocrx_word' id='word_1_149' title='bbox 410 3299 582 3389; x_wconf 82' lang='lat' dir='ltr'><strong>Quaedam</strong></span> <span class='ocrx_word' id='word_1_150' title='bbox 608 3301 702 3371; x_wconf 89' lang='lat' dir='ltr'><strong>enim</strong></span> <span class='ocrx_word' id='word_1_151' title='bbox 737 3303 774 3372; x_wconf 92' lang='lat' dir='ltr'><strong>in</strong></span> <span class='ocrx_word' id='word_1_152' title='bbox 802 3302 877 3398; x_wconf 87' lang='lat' dir='ltr'><strong>ejus</strong></span> <span class='ocrx_word' id='word_1_153' title='bbox 903 3301 1106 3398; x_wconf 85' lang='lat' dir='ltr'><strong>fragmentis</strong></span> <span class='ocrx_word' id='word_1_154' title='bbox 1135 3302 1307 3401; x_wconf 84' lang='lat' dir='ltr'><strong>explicatu</strong></span> 
     </span>
     <span class='ocr_line' id='line_1_25' title="bbox 309 3421 1310 3525; baseline 0.002 -33"><span class='ocrx_word' id='word_1_155' title='bbox 309 3421 464 3496; x_wconf 82' lang='lat' dir='ltr'><strong>difficilia</strong></span> <span class='ocrx_word' id='word_1_156' title='bbox 501 3423 677 3512; x_wconf 88' lang='lat' dir='ltr'><strong>vidimus,</strong></span> <span class='ocrx_word' id='word_1_157' title='bbox 713 3450 792 3522; x_wconf 84' lang='lat' dir='ltr'><strong>quae</strong></span> <span class='ocrx_word' id='word_1_158' title='bbox 825 3427 957 3525; x_wconf 83' lang='lat' dir='ltr'><strong>partim</strong></span> <span class='ocrx_word' id='word_1_159' title='bbox 989 3426 1116 3500; x_wconf 82' lang='lat' dir='ltr'><strong>vitiatis</strong></span> <span class='ocrx_word' id='word_1_160' title='bbox 1148 3441 1183 3498; x_wconf 90' lang='lat' dir='ltr'><strong>et</strong></span> <span class='ocrx_word' id='word_1_161' title='bbox 1219 3428 1310 3521; x_wconf 64' lang='lat' dir='ltr'><strong>inju÷</strong></span> 
     </span>
     <span class='ocr_line' id='line_1_26' title="bbox 309 3549 1308 3648; baseline 0.004 -30"><span class='ocrx_word' id='word_1_162' title='bbox 309 3549 361 3619; x_wconf 87' lang='lat' dir='ltr'><strong>ria</strong></span> <span class='ocrx_word' id='word_1_163' title='bbox 376 3562 579 3645; x_wconf 86' lang='lat' dir='ltr'><strong>temporum</strong></span> <span class='ocrx_word' id='word_1_164' title='bbox 593 3550 770 3647; x_wconf 85' lang='lat' dir='ltr'><strong>corruptis</strong></span> <span class='ocrx_word' id='word_1_165' title='bbox 788 3550 973 3622; x_wconf 89' lang='lat' dir='ltr'><strong>codicibus</strong></span> <span class='ocrx_word' id='word_1_166' title='bbox 990 3550 1209 3638; x_wconf 85' lang='lat' dir='ltr'><strong>ascribenda,</strong></span> <span class='ocrx_word' id='word_1_167' title='bbox 1230 3575 1308 3648; x_wconf 86' lang='lat' dir='ltr'><strong>par·</strong></span> 
     </span>
     <span class='ocr_line' id='line_1_27' title="bbox 309 3672 1308 3772; baseline 0.001 -29"><span class='ocrx_word' id='word_1_168' title='bbox 309 3674 373 3744; x_wconf 92' lang='lat' dir='ltr'><strong>tim</strong></span> <span class='ocrx_word' id='word_1_169' title='bbox 399 3672 503 3743; x_wconf 87' lang='lat' dir='ltr'><strong>nimis</strong></span> <span class='ocrx_word' id='word_1_170' title='bbox 522 3672 669 3744; x_wconf 85' lang='lat' dir='ltr'><strong>credulo</strong></span> <span class='ocrx_word' id='word_1_171' title='bbox 695 3672 788 3745; x_wconf 85' lang='lat' dir='ltr'><strong>iilius</strong></span> <span class='ocrx_word' id='word_1_172' title='bbox 814 3675 923 3746; x_wconf 84' lang='lat' dir='ltr'><strong>aetatis</strong></span> <span class='ocrx_word' id='word_1_173' title='bbox 947 3675 1113 3772; x_wconf 84' lang='lat' dir='ltr'><strong>ingeni0,</strong></span> <span class='ocrx_word' id='word_1_174' title='bbox 1145 3672 1244 3771; x_wconf 92' lang='lat' dir='ltr'><strong>quod</strong></span> <span class='ocrx_word' id='word_1_175' title='bbox 1271 3687 1308 3744; x_wconf 90' lang='lat' dir='ltr'><strong>et</strong></span> 
     </span>
     <span class='ocr_line' id='line_1_28' title="bbox 308 3797 1304 3898; baseline -0.002 -28"><span class='ocrx_word' id='word_1_176' title='bbox 308 3797 561 3870; x_wconf 87' lang='lat' dir='ltr'><strong>celeberrimos</strong></span> <span class='ocrx_word' id='word_1_177' title='bbox 579 3799 733 3870; x_wconf 87' lang='lat' dir='ltr'><strong>civilium</strong></span> <span class='ocrx_word' id='word_1_178' title='bbox 753 3824 871 3871; x_wconf 90' lang='lat' dir='ltr'><strong>rerum</strong></span> <span class='ocrx_word' id='word_1_179' title='bbox 901 3802 1090 3898; x_wconf 90' lang='lat' dir='ltr'><strong>scriptores</strong></span> <span class='ocrx_word' id='word_1_180' title='bbox 1116 3800 1304 3886; x_wconf 83' lang='lat' dir='ltr'><strong>invaserat,</strong></span> 
     </span>
     <span class='ocr_line' id='line_1_29' title="bbox 310 3922 1306 4020; baseline 0.001 -26"><span class='ocrx_word' id='word_1_181' title='bbox 310 3938 343 3994; x_wconf 91' lang='lat' dir='ltr'><strong>et</strong></span> <span class='ocrx_word' id='word_1_182' title='bbox 369 3922 560 4020; x_wconf 84' lang='lat' dir='ltr'><strong>aliquando</strong></span> <span class='ocrx_word' id='word_1_183' title='bbox 590 3923 831 3994; x_wconf 86' lang='lat' dir='ltr'><strong>ecciesiasticis</strong></span> <span class='ocrx_word' id='word_1_184' title='bbox 863 3925 968 3995; x_wconf 89' lang='lat' dir='ltr'><strong>etiam</strong></span> <span class='ocrx_word' id='word_1_185' title='bbox 1000 3925 1204 3998; x_wconf 89' lang='lat' dir='ltr'><strong>auctoribus</strong></span> <span class='ocrx_word' id='word_1_186' title='bbox 1233 3949 1306 3995; x_wconf 90' lang='lat' dir='ltr'><strong>non</strong></span> 
     </span>
     <span class='ocr_line' id='line_1_30' title="bbox 309 4046 1305 4145; baseline 0.003 -28"><span class='ocrx_word' id='word_1_187' title='bbox 309 4050 505 4145; x_wconf 88' lang='lat' dir='ltr'><strong>pepercisse</strong></span> <span class='ocrx_word' id='word_1_188' title='bbox 532 4046 727 4117; x_wconf 86' lang='lat' dir='ltr'><strong>dolendum</strong></span> <span class='ocrx_word' id='word_1_189' title='bbox 749 4063 812 4120; x_wconf 88' lang='lat' dir='ltr'><strong>est.</strong></span> <span class='ocrx_word' id='word_1_190' title='bbox 842 4053 910 4120; x_wconf 86' lang='lat' dir='ltr'><strong>Nec</strong></span> <span class='ocrx_word' id='word_1_191' title='bbox 925 4049 1006 4121; x_wconf 91' lang='lat' dir='ltr'><strong>ideo</strong></span> <span class='ocrx_word' id='word_1_192' title='bbox 1027 4065 1145 4121; x_wconf 87' lang='lat' dir='ltr'><strong>tamen</strong></span> <span class='ocrx_word' id='word_1_193' title='bbox 1164 4065 1216 4120; x_wconf 91' lang='lat' dir='ltr'><strong>tot</strong></span> <span class='ocrx_word' id='word_1_194' title='bbox 1234 4050 1305 4120; x_wconf 83' lang='lat' dir='ltr'><strong>cla·</strong></span> 
     </span>
    </p>
   </div>
   <div class='ocr_carea' id='block_1_3' title="bbox 0 0 1562 4960">
    <p class='ocr_par' dir='ltr' id='par_1_5' title="bbox 0 0 1562 4960">
     <span class='ocr_line' id='line_1_31' title="bbox 0 0 1562 4960; baseline 0 1"><span class='ocrx_word' id='word_1_195' title='bbox 0 0 1562 4960; x_wconf 95' lang='lat' dir='ltr'><strong> </strong></span> 
     </span>
    </p>
   </div>
  </div>
 </body>
</html>
