3114 4960
690 407 884 479 ..28-

288 554 483 644 Cellerius¹,
509 554 666 645 Cavius¹,
688 555 878 644 Valesius',
900 555 1030 652 aliique
1050 581 1140 654 quos
1167 558 1287 654 singil-

288 679 387 753 latim
405 680 624 752 recensendo
638 679 744 751 nimis
753 678 881 777 longus
900 681 980 751 sim.

51 832 264 885 coenarumque
337 804 407 876 Sed
417 804 805 901 quantumvisnumero
812 805 1183 904 judicioqueinsignes
1193 809 1286 879 viros

67 887 137 939 portis
147 887 244 931 rationes

51 945 104 983 runt
118 940 262 996 exponendo·
288 928 487 1025 ingratiam
502 926 685 1024 utriusque
694 928 876 1025 opinionis
887 927 1113 1018 adduxerim,
1124 953 1181 1001 res
1193 929 1285 1025 ipsas

78 1945 232 2004 [fragmentum

60 1995 253 2104 tddoliigddsuiiddc.

288 1049 490 1148 ponderare
510 1073 652 1121 necesse
670 1065 736 1139 est,
757 1064 792 1121 et
804 1050 874 1121 litis
888 1075 996 1123 omne
1012 1052 1285 1123 instrumentum

289 1174 476 1271 diligenter
512 1175 671 1246 scrutari.
705 1175 801 1247 Licet
831 1176 936 1272 igitur
969 1175 1143 1247 ultionem
1179 1176 1290 1271 magis
1388 1266 1392 1271 ,

289 1324 399 1396 quam
420 1300 603 1371 veritatem
620 1323 744 1398 aspera
768 1301 878 1398 partis
900 1301 1082 1398 utriusque
1099 1298 1287 1371 maledicta

289 1421 380 1494 velle
407 1416 594 1494 videantur
607 1425 630 1510 ⁶,
652 1423 846 1521 praecipuas
876 1437 995 1495 tamen
1025 1447 1152 1493 eorum
1182 1421 1289 1492 ratio-

289 1572 366 1639 nes,
386 1546 549 1644 benignis
566 1544 710 1617 auribus
718 1548 951 1646 accipiamus3
967 1571 1156 1636 memoreS,
1174 1560 1213 1616 ut
1226 1550 1289 1615 Fa·

289 1670 339 1743 bii
369 1670 486 1742 verbis
520 1686 620 1758 utar,
658 1693 876 1768 supervacua
907 1695 989 1742 cum
1011 1670 1115 1742 taedio
1149 1669 1285 1757 audiri,

289 1796 486 1868 necessaria
502 1819 586 1867 cum
603 1794 763 1893 periculo
779 1792 950 1866 subtrahi.

338 1931 392 1996 En
410 1927 515 2022 igitur
529 1941 644 1996 totum
662 1923 750 1995 illud
764 1923 862 2022 quod
878 1924 975 2022 apud
983 1950 1050 1996 nos
1062 1925 1101 1996 in
1117 1924 1291 2022 discepta-

290 2049 425 2121 tionem
443 2050 552 2137 venit,
575 2050 761 2148 Hegesippi
777 2049 823 2121 de
840 2049 963 2120 Jacobi
981 2064 1097 2120 morte
1114 2049 1291 2146 fragmen-

330 2264 339 2299 ¹
359 2265 507 2326 Cellerius.
518 2267 594 2325 Bibl.
607 2270 657 2324 des
667 2281 728 2325 nat.
740 2272 843 2324 sacre's.
856 2266 959 2341 (Paris,
972 2269 1072 2343 1730),
1083 2280 1103 2325 t.
1121 2271 1162 2338 11,
1176 2288 1206 2345 p.
1218 2269 1286 2326 100.

330 2360 342 2395 ³
360 2362 475 2421 Gavius.
489 2365 589 2438 Script.
607 2367 702 2419 eccles·
720 2363 785 2418 laist.
800 2366 900 2431 litter„
914 2382 944 2439 p.
959 2365 997 2419 ll
1007 2363 1108 2436 (Colm.
1123 2366 1223 2438 1720).

330 2455 341 2490 ⁸
360 2457 498 2516 Valesius.
515 2456 621 2514 Euseb.
644 2475 725 2534 oper.
747 2460 877 2536 Mogunt.
898 2460 1113 2529 Animadvers.,
1128 2479 1158 2535 p.
1173 2460 1224 2529 39,
1239 2459 1287 2513 tn.

331 2551 343 2585 ⁸
361 2556 405 2610 En
425 2553 490 2610 leve
513 2550 659 2628 quoddam
681 2553 839 2612 amicorum
865 2552 1022 2611 verborum
1046 2551 1150 2629 quibus
1171 2564 1291 2610 utuntur

292 2646 419 2727 Scaliger
429 2651 496 2706 etP.
510 2647 626 2705 Halloix
640 2647 802 2726 specimen:
818 2675 832 2702 u
839 2649 904 2708 Scio
911 2648 961 2723 (ait
968 2647 1105 2727 Scaliger)
1115 2668 1177 2707 esse
1186 2647 1290 2718 κακοή-

296 2745 388 2812 «θεις,
410 2741 578 2820 prosiliere,
594 2743 754 2801 cervicosos
776 2743 826 2820 qui
848 2742 909 2800 haec
930 2755 987 2800 tam
1002 2762 1098 2800 crassa
1118 2741 1288 2813 defendant,

295 2864 308 2890 ιι
321 2851 474 2918 propterea
486 2858 540 2896 nos
551 2858 586 2896 ea
602 2837 809 2916 produximus,
822 2850 854 2895 ut
867 2837 904 2896 ab
917 2835 1082 2910 hujusmodi
1102 2850 1290 2915 praepostero·

295 2955 386 2993 «rum
399 2947 585 3014 patronorum
600 2933 739 2993 maledica
757 2946 786 2993 et
800 2933 943 2991 virulenta
959 2933 1139 2992 contumacia
1154 2946 1290 2992 caveatur

293 3054 306 3080 ι(
319 3028 368 3105 qui
379 3048 469 3106 quum
482 3027 543 3085 haec
554 3027 665 3106 legunt,
682 3027 705 3085 si
720 3025 837 3103 quidem
849 3025 1024 3105 intelligunt,
1035 3025 1156 3084 lectores
1167 3045 1226 3084 non
1235 3025 1290 3084 ad-

293 3150 306 3174 «
318 3135 450 3195 monent,
466 3123 490 3180 si
506 3142 565 3180 nou
578 3121 740 3200 intelligunt
753 3121 851 3198 inique
865 3120 1012 3198 patiuntur
1030 3119 1067 3178 ab
1082 3120 1116 3179 iis
1133 3121 1253 3180 moneri.
1273 3145 1286 3171 u

293 3242 306 3268 «
321 3217 404 3274 Certe
418 3215 555 3294 Scaliger,
569 3214 608 3271 ait
622 3218 654 3271 P.
668 3213 793 3284 Halloix,
807 3213 904 3271 totain
912 3213 967 3272 hac
977 3215 1068 3272 nostri
1079 3214 1234 3294 Hegesippi
1243 3234 1290 3272 ca-

293 3338 307 3364 u
320 3311 478 3385 villaticae,
493 3329 553 3368 non
562 3309 656 3367 dicam
668 3310 765 3388 inepte
778 3309 828 3369 sed
840 3309 930 3367 multo
941 3309 1116 3387 ineptissime
1127 3323 1229 3368 cuncta
1238 3331 1289 3369 sua

292 3434 306 3462 «ι
322 3407 438 3466 molitus
452 3419 494 3466 est
507 3405 671 3475 molimina,
688 3418 825 3464 ettamen
838 3418 903 3484 post
920 3424 1035 3464 omnem
1050 3406 1186 3485 ineptiam
1202 3407 1289 3466 audet

293 3531 306 3557 κ
321 3502 473 3576 subjicere,
487 3517 622 3581 tanquam
636 3503 737 3561 frontis
750 3523 809 3562 suae
828 3501 913 3561 nimis
928 3521 996 3560 sane
1015 3502 1145 3561 effrontis
1164 3502 1288 3561 corolla-

292 3629 306 3655 «
322 3600 398 3659 rium
408 3622 415 3655 ε
427 3626 440 3651 «ι
449 3599 514 3658 Scio
522 3618 583 3657 esse
593 3597 815 3671 aunonensem,
824 3624 837 3651 a
850 3598 889 3656 sic
899 3597 1062 3676 ille,itaque
1070 3618 1125 3677 ego
1134 3597 1289 3675 ejusscrip-

292 3725 305 3750 u
322 3697 357 3756 tis
375 3707 475 3753 contra
496 3693 590 3772 ipsum
604 3707 704 3764 utens,
720 3694 862 3752 admoneo
875 3707 938 3753 uta
955 3693 1094 3752 maledica
1106 3706 1134 3752 et
1147 3692 1289 3754 virulenta

291 3820 304 3845 u
322 3790 458 3871 scaligeri
463 3789 647 3861 contumelia,
658 3809 722 3866 quae
730 3791 825 3848 multis
835 3790 966 3868 seprodit
973 3791 1004 3849 in
1010 3790 1091 3863 locis,
1102 3803 1249 3861 caveatur,
1259 3803 1289 3848 et

292 3915 305 3941 ι(
322 3900 452 3946 auctores
468 3884 559 3956 sacri,
573 3896 711 3960 quantum
728 3897 771 3943 est
789 3885 820 3943 iu
837 3898 968 3944 nostrum
982 3905 1157 3963 unoquoque
1166 3885 1288 3955 ¹virium,

290 4010 304 4035 u
322 3995 420 4040 contra
433 3981 518 4040 istum
528 3980 646 4050 κακοήθη
661 3980 707 4038 καὶ
719 3979 851 4056 μισαλήθη
863 3993 891 4040 et
905 3982 1083 4041 cervicosum
1097 3981 1289 4060 fortiterpro-

292 4106 305 4131 u
324 4089 499 4158 pugueutur.
515 4102 527 4125 »ι
