3114 4960
581 430 824 525 ‘..37.„

227 608 290 680 sibi
308 606 416 679 fidem
433 605 620 692 adimens,
644 598 700 674 vel
714 603 868 699 denique
889 625 962 685 nou
986 602 1077 673 adeo
1092 591 1223 672 ab'He-

226 728 576 831 gesippianoalienus
590 742 628 798 ut
641 724 723 798 cuin
736 726 797 796 itlo
812 750 886 797 non
904 718 1016 823 possit
1028 718 1221 810 conciliari,

225 869 389 927 censetur
397 859 420 921 ¹.
439 853 500 922 His
516 865 636 923 autem
652 850 786 921 diutius
803 874 877 921 non
896 846 1180 921 immorabimur.

274 984 327 1049 En
364 979 469 1075 igitur
509 973 610 1073 quasi
643 975 750 1046 breve
792 973 976 1071 quoddam
1019 974 1148 1062 totius,
1185 987 1222 1043 ut
1250 995 1462 1052 maturamus
1538 958 1539 981 ³

224 1107 274 1177 sic
297 1103 458 1190 dixerim,
477 1100 561 1173 belii
588 1096 858 1197 compendium,
884 1098 985 1194 cujus
1001 1098 1047 1169 ad
1063 1090 1223 1169 enodati·
1293 1050 1421 1148 affigit„

223 1232 288 1303 das
306 1224 540 1302 'difficultates
572 1228 752 1300 variorum
784 1240 972 1297 anctorum
1005 1222 1136 1294 auxilio
1169 1224 1222 1294 usi

221 1380 358 1444 snmus,
378 1357 445 1426 rati
463 1354 652 1443 nimirum,
674 1367 712 1423 ut
733 1350 834 1421 Fabii»
846 1349 962 1420 verbis
983 1342 1137 1437 utamur,
1168 1373 1222 1419 re-

222 1498 324 1578 perto
355 1481 455 1580 quod
487 1495 538 1552 est
563 1481 740 1578 optimum
766 1479 827 1575 qui
854 1477 978 1574 quaerit
996 1473 1101 1546 ‘aliud
1121 1475 1222 1573 pejus

218 1604 322 1676 veile.
337 1610 439 1677 Nunc
452 1629 538 1677 vero
551 1603 691 1700 longius
701 1599 988 1701 procedendum3
1005 1614 1040 1669 et
1052 1597 1222 1696 aliasquae

220 1730 266 1800 de
280 1729 379 1801 tudae
394 1722 672 1829 nepotibus‚⁶ab
692 1727 821 1799 eodem
846 1723 1023 1819 scaligero
1047 1714 1221 1819 colligun·
1289 1773 1294 1787 .

221 1867 291 1941 tur,
313 1848 569 1925 obscuritatum
586 1852 753 1947 ambages
763 1846 941 1920 elucidare
955 1870 1098 1918 necesse
1112 1850 1214 1917 est³.'‘

217 2012 221 2017 ·
271 2005 289 2044 κ
307 1981 462 2048 Omnem
482 1974 755 2047 admirationem
770 1988 926 2072 superat,
943 1972 991 2043 ait
1008 1971 1221 2044 Eusebiano-

219 2094 667 2169 rum'animadversronum
690 2112 833 2185 auctor,
859 2091 1104 2195 posteritatem
1119 2085 1222 2169 Davi-

218 2219 274 2294 dis
292 2224 339 2295 ad
358 2224 449 2295 duos
467 2237 605 2295 tanturn
621 2221 805 2294 redactam
827 2222 950 2309 fuisse,
971 2237 1007 2292 et
1020 2221 1120 2318 quod
1137 2246 1220 2293 cum

218 2349 319 2419 omni
335 2348 490 2420 historia
499 2348 653 2445 pugnat,
671 2346 807 2418 nuliam
821 2340 1064 2444 posteritatem
1077 2345 1221 2418 Davidis

216 2468 285 2540 sub
299 2472 504 2542 Domitiano
520 2470 626 2542 fuisse
645 2471 713 2541 nisi
730 2495 792 2542 eos
806 2471 869 2566 qui
883 2495 905 2541 a
918 2468 1009 2540 Juda
1026 2469 1132 2541 fratre
1152 2470 1221 2541 Do·

218 2594 320 2683 mini,
341 2594 518 2691 siquidem
533 2594 625 2666 ullus
640 2594 720 2683 tuit,
737 2596 805 2666 orti
819 2609 932 2681 erant,
953 2618 1035 2664 uam
1053 2618 1221 2665 numero-

258 2773 266 2807 ¹
288 2777 521 2853 Havercampus,
540 2776 624 2848 Oper.
641 2776 772 2848 losephi,
790 2787 810 2834 t.
827 2762 858 2843 I,
872 2795 902 2851 p.
920 2776 989 2845 976,
1004 2786 1065 2832 not.
1082 2772 1102 2832 i.

256 2869 268 2903 '
286 2873 379 2935 Cave,
393 2873 467 2929 Hirr.
484 2871 591 2938 litter„
607 2891 635 2947 p.
655 2873 702 2929 10.

256 2962 270 3000 ³1
286 2964 442 3044 Hegesippi
454 2962 544 3022 verba
551 2963 613 3022 haec
624 2976 690 3022 sunt
702 2982 708 3024 :
729 2990 740 3016 «
750 2965 801 3022 His
816 2964 992 3043 temporibus
1005 2963 1100 3022 adhuc
1114 2962 1218 3041 super·

217 3073 299 3118 erant
316 3059 433 3137 quidam
455 3079 491 3118 ex
509 3060 679 3139 cognatione
699 3059 818 3130 Christi,
842 3071 962 3138 nepotes
981 3059 1063 3119 Judae
1077 3057 1155 3116 illius
1169 3058 1219 3134 qui

217 3150 377 3214 secundum
400 3174 516 3213 carnem
536 3155 624 3211 frater
647 3153 752 3212 Christi
777 3154 945 3228 vocabatur,
968 3156 1056 3213 hosa
1074 3153 1220 3212 nonnullis

218 3252 328 3311 delatos
345 3251 423 3329 quod
438 3270 474 3309 ex
487 3250 567 3329 regia
579 3249 697 3307 Davidis
709 3251 798 3330 stirpe
808 3253 942 3331 prognati
956 3265 1061 3323 essent,
1076 3254 1219 3309 Evocatus

217 3350 258 3407 ad
281 3349 476 3407 Domitianum
501 3346 659 3425 perduxit3
696 3348 804 3427 quippe
829 3351 1005 3406 Domitianus
1035 3351 1072 3404 de
1098 3350 1219 3403 adventa

219 3447 325 3506 Christi
332 3447 453 3519 perinde
466 3465 500 3499 ac
515 3445 642 3506 Herodes
656 3445 712 3501 sibi
725 3445 875 3505 metuebat.
892 3443 1062 3523 Interrogati
1075 3443 1163 3523 igitur
1180 3442 1218 3500 ab

218 3541 268 3599 itto
282 3552 378 3598 utrum
387 3558 423 3597 ex
435 3539 523 3616 stirpe
534 3537 654 3597 Davidis
667 3553 761 3599 essent
774 3540 904 3611 oriundi,
920 3540 950 3597 id
961 3538 1141 3597 verissimum
1156 3558 1218 3597 esse

219 3634 340 3693 confessi
355 3646 430 3692 sunt.
446 3631 558 3691 Deinde
573 3633 729 3692 sciscitatus
743 3648 786 3693 est
799 3655 836 3694 ex
848 3636 904 3695 illis
913 3634 1108 3706 Domitianus,
1123 3654 1218 3712 quan·

219 3744 261 3790 tas
285 3730 497 3810 possessiones,
535 3742 713 3807 quantumve
735 3730 864 3809 pecuniae
880 3729 1041 3801 haberent,
1079 3730 1121 3787 1111
1148 3746 1219 3787 vero

218 3846 323 3885 novem
334 3826 531 3885 tantummodo
546 3826 731 3885 denariorum
745 3827 835 3886 millia
848 3825 901 3884 sibi
912 3825 1052 3886 ambobus
1066 3837 1219 3904 suppetere

219 3921 368 3995 dixerunt,
387 3942 510 4000 quorum
525 3922 644 3981 dimidia
660 3945 726 4001 pars
738 3923 856 4003 singulis
870 3936 1061 4001 competeret3
1076 3941 1125 3979 eas
1148 3941 1218 3978 vero

219 4017 379 4089 facultates,
401 4040 582 4097 nequaquam
603 4040 633 4078 se
652 4022 681 4077 in
696 4036 815 4101 argento
830 4021 935 4079 habere
944 4020 967 4098 ,2
977 4019 1027 4077 sed
1050 4019 1079 4075 in
1094 4018 1218 4076 aestima-

219 4114 296 4171 tione
309 4135 444 4193 agrorum
457 4136 561 4175 novem
572 4117 678 4176 scilicet
692 4137 725 4176 ac
739 4120 853 4197 triginta
867 4119 920 4177 soli
930 4119 1077 4196 jugerum,
1092 4128 1136 4173 etc
1164 4143 1175 4166 »
