3114 4960
725 431 896 498 ..g-

71 609 284 707 pppppnoppppp
360 579 548 652 verissima
574 593 696 651 entem
719 578 925 674 conjectura
950 575 1113 648 adducor
1139 590 1180 647 ut
1200 576 1310 648 fidem

124 718 229 772 usserit·
311 704 427 776 eidem
443 703 580 776 auctori
591 702 758 792 habeam,
774 727 887 799 quum
903 701 1057 791 asserit¹,
1071 701 1311 800 Hegesippum

311 828 450 901 nullum
463 829 556 900 inter
568 827 765 899 honoratos
781 826 934 899 eeclesiae
950 826 1080 923 gradus
1091 848 1232 897 sacrum
1251 850 1311 898 or-
1325 850 1331 865 ·

311 953 434 1029 dinem
449 954 648 1050 ingressum
661 976 752 1042 esse,
763 951 827 1024 sed
842 953 925 1024 sutis
943 951 1112 1023 habuisse
1130 950 1312 1023 christiani

310 1076 517 1177 philosophi
542 1101 656 1168 more,
677 1100 825 1150 omnem
842 1075 974 1173 ubique
1001 1076 1235 1148 ferendorum
1264 1073 1312 1146 de

311 1201 452 1274 Christo
470 1225 678 1274 sermonum
695 1225 822 1273 ausam
837 1200 1005 1298 arripere.
1017 1204 1201 1297 Nusquam
1213 1199 1312 1270 euim

311 1351 395 1400 oum
412 1351 481 1399 nec
490 1325 677 1415 Eusebius,
688 1349 756 1397 neo
770 1326 1005 1421 Hieronymus
1015 1348 1082 1395 nee
1096 1323 1188 1396 ullus
1199 1347 1311 1420 quem

312 1452 421 1523 seiam
433 1451 581 1548 alicujus
594 1451 751 1522 nominis
761 1451 855 1522 inter
863 1449 1030 1546 antiquos
1041 1447 1196 1520 ecolesiae
1207 1447 1315 1545 scrip·

313 1590 422 1665 tores,
438 1574 700 1674 presbyterum,
716 1575 771 1647 rel
786 1574 895 1647 aliurn
908 1575 1164 1671 cujuscumque
1177 1572 1314 1645 ordinis
1354 1593 1358 1600 ·

311 1703 418 1790 seori,
446 1703 647 1774 ministrum
672 1700 853 1773 dixerunt.
872 1701 999 1772 lustini
1015 1698 1179 1770 videlieet
1194 1721 1314 1795 popu·

311 1824 393 1897 laris
411 1827 467 1897 sui
485 1840 627 1898 secutus
643 1841 696 1899 est
721 1823 937 1924 exemplum,
956 1824 1018 1921 qui
1034 1847 1146 1919 quum
1160 1821 1314 1893 multum

311 1974 380 2048 pro
407 1974 491 2022 vera
516 1949 686 2046 religione
711 1948 962 2039 allaborasset,
985 1970 1162 2044 nusquam
1192 1962 1313 2018 tumen

313 2072 503 2146 sacerdotii
518 2073 659 2144 honore
676 2072 842 2170 dignatus
858 2088 912 2145 est
922 2075 945 2142 ¹.

70 2232 189 2276 niumm
211 2231 284 2275 0001,
362 2200 555 2293 Postquam
582 2196 753 2290 majorem
781 2197 860 2267 vitae
883 2219 954 2266 suae
979 2208 1115 2291 partem
1144 2194 1312 2263 Hieroso·

90 2287 130 2329 site
140 2287 271 2340 scripturus,

93 2341 263 2449 iprpcflecipsgppp
313 2320 416 2417 lymis
434 2321 623 2418 exegisset,
643 2321 863 2419 Hegesippus
880 2320 1049 2391 diuturna
1069 2318 1144 2414 jum
1161 2340 1314 2388 eonsue-

213 2510 217 2520 .
312 2446 439 2517 tudine
467 2445 513 2517 de
540 2445 633 2516 illius
658 2444 813 2515 eeclesiae
835 2444 1003 2516 institutis
1025 2444 1155 2516 oertior
1178 2443 1312 2531 butus,

314 2571 400 2644 alias
413 2571 573 2661 demum,
590 2595 669 2668 quer
679 2570 878 2643 christianes
891 2570 1052 2668 religioni
1064 2594 1197 2641 nomen
1208 2568 1315 2641 dede·

315 2711 408 2786 rent,
433 2712 555 2793 gentes
566 2694 743 2767 invisendi
753 2694 873 2766 studio
886 2694 1029 2783 ductus,
1044 2692 1232 2765 tribulibus
1244 2693 1316 2764 suis

315 2820 494 2910 valedixit,
511 2822 602 2894 etin
612 2817 845 2892 Oueidentem
860 2820 1038 2920 profectus
1051 2834 1106 2890 est
1114 2823 1138 2908 ⁸,
1157 2843 1198 2890 eu
1215 2816 1314 2889 vide·

316 2944 397 3018 lieet
415 2970 525 3018 seoroe
545 2946 727 3017 vetustatis
746 2945 886 3016 visurus
906 2959 1163 3028 monumenta,
1185 2941 1316 3040 quibus

316 3085 439 3168 posteo
458 3095 554 3159 usus,
568 3069 754 3143 historiam
766 3068 891 3140 litteris
899 3068 1099 3139 mundaret.
1117 3070 1196 3138 Non
1210 3067 1316 3163 igitur

317 3194 458 3284 inutile,
479 3217 597 3289 neque
610 3193 728 3265 forsan
745 3194 923 3290 ingratum
940 3194 1018 3283 erit,
1040 3191 1099 3263 bic
1117 3216 1186 3264 uos
1206 3191 1316 3263 veluti

318 3318 396 3389 velo
411 3318 589 3417 paulisper
602 3317 863 3406 oontruhenms,
878 3332 917 3387 ut
928 3317 976 3388 ait
989 3316 1129 3406 Fabius,
1144 3315 1312 3387 inhiben-

318 3457 442 3539 tesque
457 3467 589 3530 remos,
605 3441 662 3513 illo
681 3466 760 3538 quoe
775 3440 932 3512 studiose
945 3441 1165 3538 Hegesippus
1181 3439 1318 3536 disqui-

359 3621 367 3654 ¹
389 3619 521 3693 Halloix,
545 3622 602 3678 Vit.
626 3625 720 3697 script.
742 3625 807 3677 ecel.
832 3620 930 3677 orient.
957 3618 1063 3693 (Duaci
1085 3620 1189 3693 1633),
1215 3629 1236 3675 t.
1263 3618 1312 3687 ΙΙ,

342 3764 347 3776 .
366 3723 434 3778 698.

318 3741 338 3798 p
357 3817 368 3850 ¹
387 3816 539 3885 cellerius,
554 3814 629 3872 Bibl.
646 3817 696 3870 des
710 3817 776 3871 Aut.
793 3833 885 3883 sarr„
905 3833 933 3891 p.
951 3815 964 3869 l
981 3824 1010 3869 et
1021 3832 1102 3889 seq.‚
1118 3825 1140 3868 t.
1156 3814 1195 3869 ll.
1217 3810 1315 3883 Paris,

320 3916 408 3972 1730.

357 4007 369 4041 ³
388 4008 491 4068 Euseb.
516 4012 589 4066 Hie,
610 4012 705 4064 eccles.
710 4050 720 4077 ,
739 4004 790 4064 lib.
810 4009 860 4077 IV,
875 4026 900 4062 c.
918 4026 990 4063 xxn.
1008 4003 1101 4062 Editio
1119 4003 1229 4062 Valesc.
1252 4005 1317 4060 Μο-

319 4105 435 4183 guntiae,
452 4124 601 4167 uncnxrm.
618 4125 649 4182 p.
667 4106 735 4161 ΗΞ.
