3114 4960
611 385 804 456 ...33...

211 533 301 604 tibus
319 535 538 632 praecipitur,
567 559 679 630 quum
705 534 750 604 ad
777 534 976 604 sanctiones
1001 534 1124 632 templi
1151 560 1208 607 ac·

211 659 497 755 cingerentur...
524 657 656 754 alioqui
675 673 771 730 extra
793 657 968 754 templum
990 656 1086 729 cultu
1104 663 1211 732 vestis

214 807 284 852 non
298 780 529 873 differebant,
551 783 648 879 atqui
666 782 730 853 iste
746 783 977 881 Hegesippus,
999 784 1047 855 ait
1064 783 1218 875 lineam,

212 907 284 978 sive
301 906 557 979 sacerdotalem
570 922 716 998 vestem,
731 906 871 980 laneam
885 921 1006 979 autem
1026 896 1217 1005 nunqnam

213 1046 385 1127 gestasse,
407 1046 600 1128 propterea
626 1030 820 1129 quoderat
840 1031 1013 1103 sacerdos.
1037 1060 1055 1100 a
1084 1033 1210 1105 Viden*

211 1179 320 1251 quam
337 1155 408 1226 acri
426 1154 517 1250 stylo
534 1179 651 1227 aerem
668 1155 844 1244 verberet,
863 1157 919 1226 vir
934 1144 1112 1247 eruditus,
1130 1182 1214 1228 nam

213 1278 338 1350 nullibi
356 1279 453 1377 apud
475 1280 716 1378 Hegesippum
743 1280 965 1352 sacerdotem
990 1281 1095 1353 luisse
1115 1287 1216 1353 Jaco-

211 1403 305 1475 hum
324 1405 468 1502 legerat.
495 1405 591 1492 Quid
612 1405 712 1501 quod
740 1409 966 1477 amanuensis
993 1431 1114 1478 errore
1135 1432 1217 1479 cor·

213 1545 359 1628 ruptum
384 1555 493 1627 qnem
519 1528 750 1628 reprehendit
775 1530 895 1602 locum
927 1546 1089 1630 apparet,
1117 1547 1152 1604 et
1177 1541 1216 1606 τὸ

211 1659 269 1751 γάρ
281 1655 373 1726 male
386 1654 446 1724 hic
464 1655 604 1752 reponi,
619 1679 731 1753 quum
748 1655 847 1727 nulla
863 1656 906 1726 sit
916 1680 999 1727 cum
1015 1657 1216 1754 praecedere

212 1777 307 1849 tibus
325 1780 524 1851 connexio,

263 1907 494 1977 Praetermitto
525 1919 685 1994 caeteraS,
716 1905 760 1976 de
787 1903 1011 1999 judaicarum
1041 1921 1216 1978 sectarum

211 2025 382 2100 adversus
391 2028 620 2100 christianam
628 2029 835 2126 religionem
846 2030 1010 2121 consilio,
1025 2031 1216 2103 cavillatio·

212 2146 294 2242 nesss
314 2153 521 2226 incredibile
549 2154 645 2225 enim
667 2154 901 2251 quibusdam¹
927 2153 1084 2244 videtur,
1116 2158 1214 2252 quod

213 2278 386 2350 iacobum
410 2280 528 2376 ipsum
549 2278 739 2352 hortentur
760 2266 941 2369 Pharisaei,
963 2294 1002 2350 ut
1018 2278 1140 2378 populi
1159 2303 1215 2349 er·

217 2428 337 2474 rorem
364 2404 591 2502 comprimat,
612 2403 671 2474 cni
695 2404 771 2501 ipse
799 2402 946 2475 dederat
976 2419 1116 2493 ortum,
1141 2403 1216 2499 ejns'

215 2529 437 2599 sanctitatem
463 2528 633 2624 justitiam
663 2529 911 2626 integrumque
940 2528 1114 2625 judicium
1144 2527 1217 2600 lau·

213 2652 320 2724 dibus
336 2644 557 2740 extollentes,
577 2676 644 2723 nec
656 2651 713 2724 vel
730 2654 878 2725 minime
892 2652 1217 2750 suspicarividean·
1278 2709 1282 2716 .

213 2793 285 2867 tur,
298 2776 399 2847 illum
415 2777 523 2848 totins
537 2801 614 2847 esse
633 2777 715 2847 mali
731 2792 927 2848 auctorem.

250 2908 378 2973 Parum
395 2902 493 2973 abest
510 2904 598 2998 quin
624 2901 699 2972 haec
724 2902 986 2999 Hegesippiana
1001 2900 1214 2996 abjiciendo,

214 3031 291 3127 ipsa
309 3027 437 3098 Christi
455 3026 656 3124 Evangelia,
677 3042 716 3098 nt
730 3025 885 3097 absurda
909 3025 1116 3115 traducant,
1139 3051 1218 3122 quae

214 3154 393 3226 simillima
418 3154 464 3226 de
484 3155 615 3224 Divino
633 3157 820 3225 servatore
845 3167 1002 3223 narrant.
1025 3156 1138 3224 Nemo
1166 3170 1220 3225 est

217 3282 314 3352 enim
332 3281 395 3377 qni
411 3279 538 3353 eadem
556 3279 628 3352 fere
643 3279 830 3377 loquentes
847 3277 945 3377 apud
967 3288 1084 3349 sacras
1107 3279 1217 3376 scrip·

217 3418 314 3476 taras
336 3405 529 3476 Pharisaeos
542 3430 618 3476 non
634 3405 839 3476 audiverit².
1009 3408 1011 3413 ⁴

268 3529 383 3626 Pergit
407 3543 528 3601 autem
550 3514 731 3623 Scaliger⁸,
751 3542 787 3598 et
804 3550 930 3598 omnes
947 3525 1061 3598 tribus
1077 3543 1111 3598 et
1128 3551 1218 3624 gen-

216 3654 295 3726 tiles
320 3654 378 3725 die
402 3651 579 3751 paschatis
608 3651 835 3747 ierosolymae
861 3652 1070 3723 convenisse
1092 3665 1216 3747 negat,

257 3858 266 3891 ¹
285 3857 446 3917 Tillemont.
460 3862 551 3918 Mem.
563 3859 640 3915 Har.
655 3861 735 3926 ecet,
753 3868 772 3917 t.
785 3859 810 3934 1,
818 3868 879 3917 not.
891 3856 921 3914 in
935 3860 963 3916 S.
977 3854 1114 3918 laccho.
1131 3875 1215 3914 xrnr.

257 3954 268 3988 ¹
289 3955 602 4030 Matth.,c.xx11‚1a;

260 4053 271 4085 ³
290 4051 427 4130 Scaliger.
446 4054 707 4109 Animadversiones
722 4050 892 4121 Eusebium,
909 4068 936 4128 p.
957 4041 1022 4110 17ss.

1077 4146 1096 4204 3
