3114 4960
654 457 825 525 ..7-

291 614 336 679 Ut
359 608 465 704 igitur
489 605 536 677 ab
558 604 651 676 illius
674 607 841 703 primaeva
865 603 1084 676 institutione
1104 603 1234 674 ducam
1280 638 1463 701 flammam

242 733 392 822 initium,
406 731 452 803 ad
467 731 588 801 omnia
598 728 866 826 disciplinarum
878 752 1008 824 genera
1019 753 1057 799 se
1071 729 1235 815 accinxit,
1338 697 1402 734 m

242 880 307 926 nec
324 855 440 926 solum
458 878 499 924 ea
515 854 635 924 omnia
653 853 800 949 arripuit
816 851 945 949 quibus
968 850 1015 921 ad
1034 851 1240 924 humanita-

241 994 314 1050 tem
338 979 483 1075 ingenui
504 978 569 1049 viri
593 976 777 1047 informari
799 974 934 1064 solent,
958 975 1236 1065 verumetiam,

241 1117 279 1174 ut
295 1128 338 1174 ex
351 1103 444 1176 illius
455 1102 609 1174 historiae
620 1100 823 1196 fragmentis
834 1114 993 1197 apparet,
1006 1100 1235 1171 intentiorem

240 1228 361 1324 patriae
376 1227 554 1323 religionis
575 1224 693 1296 studio
707 1224 868 1294 animum
884 1223 1024 1319 adjecit.
1045 1228 1140 1295 luter
1156 1250 1235 1321 quae

241 1329 445 1421 rudimenta
453 1374 527 1420 non
539 1349 691 1445 neglexit
699 1345 940 1419 Orientalibus
951 1348 1079 1444 linguis
1088 1373 1236 1447 operam

241 1473 346 1564 dare,
367 1500 523 1572 eumque
536 1474 683 1571 triplicis
696 1474 870 1545 sermonis
883 1497 1048 1570 gnarum,
1062 1476 1173 1544 Graeci
1189 1477 1241 1544 vi-

241 1596 380 1687 delicet,
393 1598 557 1669 Hebraici
572 1612 608 1669 et
619 1598 764 1693 Syriaci,
784 1611 861 1668 tum
871 1596 966 1668 illius
977 1599 1238 1684 commentarii,

241 1736 318 1792 tum
329 1721 501 1793 disertum
513 1722 657 1793 Eusebii
669 1722 915 1794 testimonium
933 1722 1128 1794 ostendunt
1137 1727 1158 1792 ¹.
1171 1723 1241 1794 Sed

242 1862 278 1918 et
296 1846 350 1917 his
372 1847 522 1919 latinum
542 1841 688 1944 quoque
705 1845 888 1941 adjecisse,
908 1847 1147 1944 Hegesippum
1164 1873 1242 1920 cre-

241 1971 416 2059 diderim,
438 1986 649 2069 postquam,
669 1984 836 2067 provecta
853 1969 927 2064 jam
944 1985 1063 2060 aetate,
1091 1975 1241 2044 Romam

242 2095 455 2183 deveniens,
474 2118 556 2164 cum
586 2094 753 2164 Romanis
776 2093 979 2166 familiarius
1001 2097 1133 2167 versari
1163 2122 1240 2168 coe-

243 2219 360 2316 pisset.

289 2345 495 2416 Christianis
514 2342 709 2445 disciplinis
731 2368 810 2440 quae
824 2369 844 2415 e
860 2345 951 2416 coelo
968 2370 1090 2417 veram
1104 2370 1146 2417 ac
1159 2371 1237 2442 ger·
1284 2378 1469 2440 lausannam

241 2494 384 2541 umnam
413 2468 621 2566 religionem
645 2470 822 2567 accepisse
850 2469 1106 2566 gloriabantur,
1137 2495 1241 2543 auras
1270 2433 1483 2528 anagaggand-

241 2595 398 2691 primum
419 2595 472 2663 vir
491 2592 650 2681 Judaeus,
671 2617 755 2663 mox
777 2593 896 2681 etiam,
923 2595 1085 2666 mosaicae
1106 2595 1237 2671 militiae

241 2718 402 2788 desertor
420 2733 455 2788 et
472 2719 662 2813 transfuga,
679 2742 807 2790 manus
819 2719 936 2791 dedit:
956 2745 1030 2817 quo
1046 2723 1156 2793 aetatis
1169 2746 1241 2792 suae

241 2865 351 2930 anno,
366 2839 539 2936 quibusve
558 2841 672 2911 causis
689 2839 789 2910 illum
808 2864 828 2911 a
844 2857 994 2938 paterno
1010 2842 1107 2914 cultu
1125 2843 1241 2915 deter-

243 2963 414 3054 rentibus,
426 2965 615 3036 incertum.
628 2962 770 3035 Fabulis
780 2987 865 3034 vero
879 2965 1041 3060 proxima
1051 2982 1147 3054 suut,
1161 2992 1240 3064 quae

242 3089 288 3160 de
302 3091 406 3161 variis
422 3090 534 3160 sancti
552 3090 616 3159 viri
630 3087 857 3183 lectionibus,
878 3103 953 3160 tum
967 3113 1064 3161 novo
1081 3105 1116 3162 et
1132 3093 1242 3163 veteri

242 3206 334 3284 inter
353 3238 391 3285 se
407 3212 453 3285 ab
474 3212 535 3283 illo
553 3211 689 3283 collatis
705 3213 948 3303 Testamentis,
968 3215 1089 3286 nescio
1111 3216 1240 3313 quibus

244 3337 385 3439 innixus
405 3337 622 3433 argumentis
651 3341 689 3406 P.
722 3336 861 3408 Halloix
896 3339 1140 3434 excogitavit¹3
1173 3366 1242 3413 uec

244 3462 353 3557 magis
372 3461 545 3558 probatur
563 3485 751 3532 causarum
768 3464 945 3534 enarratio
970 3463 1020 3534 ob
1037 3488 1126 3559 quas
1146 3465 1238 3536 caeli·

242 3585 325 3657 bem
343 3589 451 3657 vitam
461 3585 642 3680 amplexus
656 3600 709 3655 est
723 3585 785 3682 (de
799 3611 872 3683 quo
890 3588 967 3684 ipso
979 3586 1238 3686 addubitatur),

244 3711 357 3782 multo
373 3709 568 3782 verborum
584 3711 729 3808 strepitu
748 3710 870 3783 abillo
888 3713 1061 3811 scriptore
1079 3717 1190 3788 facta.

284 3929 291 3961 ¹
311 3927 430 4000 Euseb,
446 3929 496 3987 lib.
517 3933 566 3987 lv.
583 3932 659 3987 Hist.
676 3935 786 4001 eccles,
805 3952 830 3988 c.
848 3953 920 3990 xxn.
937 3934 1011 3992 Edit.
1032 3934 1126 3992 Vales.
1145 3938 1239 4014 Mog,

245 4045 274 4101 p.
293 4026 361 4082 titt.

283 4119 293 4151 ¹
313 4117 438 4192 Halloix‚
450 4126 478 4175 V
476 4124 507 4177 it.
519 4124 614 4195 script.
626 4127 691 4179 eccl.
705 4125 802 4179 crient.
813 4125 903 4182 Duaci
913 4128 1024 4198 (1633),
1037 4137 1056 4182 t.
1066 4128 1106 4195 11,
1118 4145 1146 4202 p.
1156 4129 1225 4184 698.
