3114 4960
624 412 819 484 „35-

225 585 307 661 ergo
326 579 551 636 accesserunt
563 565 608 636 ad
623 564 824 665 Philippum
843 567 906 662 qui
920 584 1024 638 erata
1040 569 1222 642 Bethsaide

223 687 386 777 Gallicae,
403 703 438 759 et
456 687 628 785 rogabant
641 706 724 760 eum
741 682 900 761 dicentes
916 714 924 759 t
942 688 1143 783 «Domine,
1162 684 1224 763 io·

224 810 341 883 lumus
356 816 474 883 desum
492 806 626 884 videre.
651 834 668 879 u

272 941 352 1007 Non
383 934 559 1034 scaligero
579 951 698 1008 tamen
722 939 961 1036 Hegesippum
987 931 1224 1038 impugnandi

225 1058 306 1130 finis
335 1075 388 1131 est
417 1088 424 1130 :
458 1060 679 1150 «Ascendit,
706 1062 780 1158 ipsa
819 1076 902 1132 sunt
934 1061 999 1133 viri
1028 1055 1225 1133 doctissimi

223 1183 361 1274 verba¹,
388 1182 425 1255 in
450 1191 607 1284 πτερύγιον
640 1184 765 1283 templi
790 1184 982 1282 (lacobus)
1017 1187 1118 1282 quasi
1154 1184 1226 1257 illic

223 1304 333 1380 facilis
345 1301 511 1382 ascensus
523 1325 633 1399 essen
647 1324 745 1382 certe
756 1309 818 1406 qui
829 1324 902 1380 tam
914 1311 1109 1408 desperatae
1120 1309 1226 1381 audc-

221 1434 284 1506 cita
300 1449 404 1524 esset,
424 1450 464 1507 ut
479 1433 551 1507 illie
567 1434 787 1525 ascenderet,
802 1450 943 1533 poterat
958 1430 1096 1524 dicere,
1116 1440 1226 1506 ἐπιλά-

221 1563 272 1630 tu
288 1575 350 1633 τῶν
368 1557 490 1650 claude,
517 1560 824 1659 quemadmodum
840 1560 887 1632 de
905 1560 947 1632 iis
963 1559 1148 1631 dicebatur
1163 1562 1226 1657 qui

222 1684 414 1758 flectebant
448 1685 597 1759 Maleam
633 1686 946 1784 promontorium,
980 1714 997 1754 «
1027 1686 1088 1782 qui
1119 1684 1228 1758 flectit

223 1838 244 1878 a
259 1809 410 1882 Maleam
431 1809 660 1882 obliviscatur
680 1808 814 1880 reditus
834 1811 870 1879 in
893 1811 1065 1906 patriam,
1086 1836 1103 1876 u
1126 1810 1227 1907 quod

224 1947 383 2004 «totum
410 1934 587 2029 fastigium
617 1926 740 2030 templi
762 1947 837 2004 erat
862 1934 1044 2005 consitum
1070 1934 1228 2009 verubus

220 2053 357 2143 ferreis,
376 2071 472 2126 utne
486 2072 568 2126 ates
585 2054 745 2153 quidem,
766 2055 814 2128 iiti
831 2073 977 2155 possent
994 2060 1224 2131 consisterem

278 2184 402 2251 Facete
435 2180 608 2278 quidem,
641 2172 704 2252 sed
734 2185 857 2263 ἀτόπως
887 2211 895 2252 :
930 2203 1014 2256 nam
1047 2206 1114 2282 pro
1150 2186 1228 2283 ipsa

220 2305 345 2403 templi
373 2305 483 2403 pinna
505 2307 542 2376 in
561 2322 711 2378 acumen
736 2320 887 2378 exeunte
910 2324 985 2378 non
1009 2309 1226 2381 sumendum

222 2444 276 2500 cst
292 2435 329 2501 τὸ
343 2434 521 2529 creperum
549 2430 726 2528 siquidem
742 2431 912 2503 insaniret
933 2447 1057 2504 auctor
1073 2435 1136 2530 qui
1152 2447 1226 2505 tam

224 2552 381 2626 absurda
395 2557 592 2655 proferret,
619 2581 686 2628 nec
701 2556 792 2628 illud
809 2556 1022 2646 Eusebium,
1050 2559 1225 2654 Hierony·

223 2696 395 2775 mumque
419 2680 592 2768 latuisset,
618 2682 714 2751 viros
735 2679 959 2775 judaicarum
982 2706 1101 2753 rerum
1129 2681 1226 2755 haud

221 2804 376 2901 ignaros.
396 2804 445 2875 Sit
463 2804 568 2900 igitur
582 2811 760 2903 πτερύγιον,
781 2820 819 2876 ut
834 2806 909 2876 vult
925 2806 1103 2878 Fabricius
1115 2808 1138 2896 ²,
1158 2808 1226 2877 cir·
1328 2873 1329 2876 ,

221 2929 332 3000 cuitio
350 2929 386 2998 in
412 2944 512 3028 parte
536 2928 692 3024 quadam
722 2928 951 3001 submissiore
975 2929 1110 3028 templi.
1136 2931 1227 3000 Huic

220 3067 342 3125 autem
364 3046 501 3125 facilem
519 3077 704 3124 ascensum
725 3044 830 3125 luisse
847 3050 926 3151 quis
943 3048 1043 3126 facile
1059 3080 1133 3126 non
1149 3080 1227 3127 cre·

219 3179 306 3251 det?

272 3304 435 3400 Denique
464 3332 481 3371 u
508 3306 739 3376 concionanti
762 3305 896 3377 Jacobo
917 3326 961 3378 cx
988 3309 1159 3402 ττερυγίῳ,
1178 3306 1227 3377 ait

220 3426 378 3526 Scaliger
391 3424 414 3515 ⁹,
442 3425 596 3526 populus
620 3424 791 3499 acclamat
814 3432 962 3500 Osanna
991 3428 1064 3500 filio
1084 3423 1221 3519 David,

221 3555 323 3649 quasi
339 3552 376 3622 in
393 3552 492 3622 omni
512 3551 594 3622 loco
612 3567 648 3623 et
670 3553 704 3622 in
725 3552 825 3622 omni
848 3550 973 3650 plausu
999 3555 1143 3624 Osanna
1165 3577 1223 3625 ac·

220 3677 446 3751 clamaretur.
466 3677 583 3750 Semel
596 3678 631 3748 in
646 3677 856 3775 scenopegia
874 3675 1137 3768 acclamabant,
1163 3701 1224 3748 ac«

266 3899 275 3933 ¹
296 3899 432 3980 Scaliger.
448 3903 642 3960 Animadvers.
659 3900 831 3969 Eusebium,
854 3921 883 3978 p.
901 3902 969 3960 178.

264 3995 275 4029 ¹
294 3994 404 4056 Fabric.
424 4015 472 4073 ap.
487 3995 590 4056 Bouth.
607 3997 709 4070 Rettiq.
724 4016 815 4065 sacr„
833 4009 851 4054 t.
869 3999 901 4067 Ι,
914 4016 943 4073 p.
961 3996 1029 4053 ata.

261 4090 275 4125 ⁸
294 4091 427 4171 Scaliger.
448 4094 639 4152 Animadvers.
657 4088 828 4162 Eusebium,
843 4112 871 4169 p.
891 4093 957 4151 tta.
