3114 4960
717 378 912 449 ..34-

315 554 428 629 quum
446 530 525 602 duae
541 544 679 603 tanturn
699 528 813 601 tribus
834 542 951 601 essent
969 528 1149 624 Benjnmin
1163 542 1198 598 et
1208 525 1312 615 Judu,

317 684 335 724 s
357 670 447 728 utet
463 656 710 754 poemenium,
735 685 752 720 u
772 656 837 743 ait,
857 668 1098 752 praetereaque
1116 676 1223 725 nemo
1241 677 1314 723 un-

313 803 441 882 quam,
471 779 601 854 eodem
624 795 790 870 auctore,
810 779 867 853 vel
888 779 997 851 fando
1018 780 1171 877 accepit,
1190 777 1246 850 vel
1263 777 1314 849 le·

313 907 431 1005 gendo
458 905 604 995 didicit,
628 919 750 1002 gentes
771 903 830 977 die
855 907 1070 1001 dzymorutn
1087 901 1314 998 ierosolymae

310 1030 430 1102 solitas
446 1028 651 1103 convenire.

361 1159 443 1225 Haec
463 1152 660 1252 iosepbus3
682 1152 747 1224 sed
769 1157 808 1225 P.
827 1152 988 1244 Halloir,
1006 1151 1197 1241 Valesius,
1216 1149 1315 1222 Tille-

282 1350 286 1357 .
312 1276 483 1367 montius,
503 1299 545 1349 uc
559 1289 614 1348 tot
627 1274 707 1366 alii,
726 1301 773 1349 ne
788 1277 974 1351 minimum
992 1277 1139 1374 quidem
1157 1301 1201 1349 ex
1217 1286 1319 1349 tanta

312 1399 476 1475 machina
510 1415 669 1499 partem,
704 1417 797 1475 sture
825 1403 1086 1501 permiserunt3
1114 1425 1200 1473 nam
1224 1400 1314 1473 infra

311 1550 442 1625 pueros
456 1525 558 1624 ponit
571 1524 808 1598 calumniator
823 1527 1035 1611 acerrimus,
1051 1539 1127 1599 turn
1139 1525 1314 1599 iacobum

309 1652 443 1749 ipsum,
455 1651 580 1748 dequo
591 1650 727 1724 tamdiu
741 1676 825 1723 cum
838 1653 1039 1753 Hegesippo
1049 1650 1242 1747 loquimur,
1251 1650 1315 1749 qui

311 1775 498 1874 epistolam
522 1800 623 1848 suam
647 1775 698 1846 ad
720 1774 900 1848 duodecim
925 1776 1034 1848 tribus
1063 1802 1144 1874 quoe
1167 1776 1313 1848 suntin

310 1897 525 1996 dispersione
556 1900 664 1971 mittit
681 1902 705 1988 ⁸,
735 1915 812 1972 tum
849 1915 885 1973 et
912 1899 1063 1975 Paulum
1092 1898 1310 1997 apostolum,

311 2021 373 2118 qui
400 2037 525 2094 contra
554 2022 771 2120 scaligerum
800 2039 836 2097 et
863 2040 989 2097 contra
1017 2024 1055 2096 id
1080 2023 1181 2121 quod
1210 2026 1315 2121 pueri

310 2146 441 2235 sciunt,
453 2149 538 2217 utP.
555 2146 694 2218 Halloix
710 2147 827 2223 verbis
844 2162 936 2239 ntur,
948 2148 994 2222 de
1004 2147 1197 2221 duodecim
1206 2147 1311 2221 etium

309 2295 375 2342 suo
385 2285 549 2372 tempore
561 2270 723 2344 tribubus
737 2272 916 2371 loquitur:
932 2302 950 2342 u
962 2287 997 2344 et
1006 2297 1104 2346 nunc
1118 2273 1155 2344 in
1166 2296 1243 2369 spe,
1260 2272 1313 2345 in·

308 2396 403 2493 quit,
422 2421 501 2493 quae
515 2396 560 2468 ad
575 2411 693 2494 patres
710 2412 853 2468 nostros
872 2397 1100 2496 repromissio
1117 2396 1208 2470 sacta
1225 2409 1278 2469 est
1293 2419 1315 2467 a

309 2524 408 2606 Deo,
439 2533 494 2589 sto
527 2519 664 2614 judicio
696 2520 893 2618 subjectus,
927 2524 963 2593 in
991 2544 1098 2619 quum
1133 2520 1315 2595 duodecim

310 2640 419 2713 tribus
445 2659 593 2729 nortrae,
621 2658 726 2716 nocte
748 2669 789 2717 ac
812 2646 872 2719 die
894 2647 1151 2737 deservientes,
1170 2658 1314 2744 sperant

311 2765 531 2837 devenire.»

359 2894 492 2966 Gentes
505 2907 626 2965 nutem
640 2897 913 2993 ierosolymam,
935 2897 993 2971 die
1011 2897 1172 2987 Paschae,
1189 2918 1312 2969 oscen·

311 3015 417 3106 disse,
431 3015 511 3088 luce
531 3017 730 3092 meridiana
748 3020 876 3094 clarius
891 3036 957 3111 est,
973 3046 1017 3093 ex
1035 3022 1150 3119 capite
1166 3020 1313 3093 ioannis

312 3138 543 3230 duodecimo,
559 3165 595 3211 v.
618 3147 679 3228 20,
694 3142 754 3214 nbi
771 3144 918 3241 gentiles
936 3145 1108 3217 orationis
1120 3145 1243 3240 gratis,
1263 3168 1315 3216 as·

312 3262 473 3335 condisse
492 3261 641 3360 legitur,
666 3282 701 3338 et
729 3284 804 3342 erat
829 3281 915 3341 tunc
931 3268 1062 3368 pascha
1086 3267 1310 3340 Judaeorum:

315 3413 333 3452 r<
358 3401 460 3457 eraut
484 3400 627 3477 autem,
653 3389 702 3462 ait
727 3395 901 3484 ioannes,
925 3394 1072 3491 quidam
1100 3391 1247 3488 gentiles
1271 3416 1312 3464 ex

313 3508 370 3580 his
391 3510 706 3607 qninscendernnt
726 3515 840 3588 indie
867 3517 955 3589 sesto
976 3532 1015 3588 nt
1036 3518 1239 3592 adorarent.
1268 3518 1314 3589 Hi

353 3755 361 3788 ¹
385 3757 512 3819 Halloix.
530 3764 559 3817 V
556 3764 606 3818 itae
619 3765 746 3838 scriptor.
769 3768 865 3822 eccles.
882 3768 982 3827 orient.
1003 3766 1106 3839 Donni,
1127 3768 1217 3839 1633,
1232 3778 1254 3825 t.
1264 3768 1313 3838 11,

313 3871 341 3929 p.
363 3855 485 3915 tonso.
595 3865 598 3869 '

352 3948 363 3980 ¹
382 3950 477 4012 Voles.
495 3954 693 4015 Animadvers.
710 3958 739 4011 iu
758 3955 908 4016 Eusebium
914 4002 924 4029 ,
939 3980 968 4039 p.
992 3962 1042 4032 39,
1057 3964 1106 4020 60.

277 4125 286 4137 ᾔ
353 4041 364 4074 ³
384 4045 484 4109 Jacob.
500 4049 594 4122 Epist.
612 4049 715 4110 cathol.
724 4091 735 4119 ,
748 4071 775 4111 c.
789 4072 818 4123 1,
831 4072 861 4130 p.
877 4057 904 4113 t.
