3114 4960
387 964 495 1088 llll
561 959 1069 1089 HllGllSlPPO

528 1294 938 1398 DISQUISITIO.

563 1821 907 1897 PROOEMIUM.

286 2047 336 2112 Ex
361 2040 528 2112 omnibus
547 2041 765 2136 antiquitatis
790 2041 1031 2115 ecclesiasticae
1054 2044 1235 2141 scriptori·
1270 2070 1465 2134 opanompmqmr

239 2167 319 2257 bus,
344 2165 462 2238 nullos
479 2190 626 2263 prorsus
643 2166 706 2262 qui
724 2166 835 2263 magis
852 2191 961 2263 quam
979 2167 1159 2258 historici,
1177 2170 1233 2241 vel
1274 2124 1461 2220 sneppffinoe

236 2291 282 2363 ed
296 2291 477 2363 christiani
493 2291 649 2363 nominis
667 2290 776 2365 decus
791 2292 1093 2390 promovendum,
1115 2292 1171 2364 vel
1189 2294 1235 2365 ad

237 2414 471 2513 aperiendum
494 2415 604 2513 ipsius
631 2415 760 2487 divinae
786 2415 1017 2488 institutionis
1044 2416 1232 2509 ordinem,

236 2540 405 2639 prodesse
421 2539 588 2629 debeant,
604 2541 671 2611 nisi
689 2565 746 2613 me
760 2540 852 2613 forte
868 2564 971 2612 amor
986 2541 1140 2638 suscepti
1150 2565 1235 2640 ope

238 2665 286 2736 ris
300 2663 402 2751 fallit,
423 2665 570 2761 reperiri
587 2688 693 2760 posse
709 2662 873 2735 arbitror.
885 2667 975 2736 Nam
992 2678 1032 2735 ut
1043 2688 1100 2735 res
1117 2664 1236 2739 homi·

150 2788 154 2795 '
240 2812 328 2858 num
341 2786 507 2885 praeclare
519 2801 634 2884 gestas
645 2810 739 2859 nova
755 2803 790 2861 et
801 2787 983 2860 illustriori
993 2788 1073 2862 luce
1089 2790 1235 2888 perfun-

238 2913 342 3002 dere,
373 2936 542 3009 maguum
572 2910 673 2985 facile
705 2926 825 3009 putes,
854 2914 902 2984 ita
928 2938 1042 3010 prope
1073 2930 1235 2987 sanetum

240 3064 371 3112 munus
389 3038 553 3127 dixerim,
572 3062 692 3110 rerum
708 3036 911 3109 divinarum
925 3038 1137 3110 memoriam
1152 3065 1235 3137 pos·

238 3165 321 3237 teris
337 3164 604 3237 commendare.

288 3294 423 3361 Eorum
463 3289 569 3385 igitur
605 3289 668 3385 qui
703 3303 825 3361 nostra
862 3303 961 3361 aetate
995 3289 1237 3367 ecclesiastieae

240 3416 393 3487 historiae
419 3427 653 3487 monumenta
677 3413 846 3509 singulari
871 3414 990 3487 studio
1015 3430 1097 3487 sunt
1117 3440 1237 3513 prose-

240 3539 326 3628 cuti,
337 3538 452 3611 doctis
461 3536 645 3609 laboribus
656 3560 797 3637 aequum
808 3553 861 3610 est
873 3537 1052 3634 gratulari,
1065 3542 1236 3637 quoniam

240 3664 301 3736 tali
325 3661 490 3761 exemplo
516 3676 551 3733 et
576 3662 783 3733 auctoritate
808 3661 1041 3735 instauratum
1066 3679 1119 3736 est
1145 3663 1237 3737 sulu-

240 3786 436 3860 berrimum
450 3786 651 3860 studiorum
669 3811 793 3883 genus.
905 3834 908 3840 .

291 3915 369 3984 Non
394 3912 562 4010 equidem
588 3912 790 4008 negaverim
813 3911 975 4008 proxime
992 3912 1119 4010 elapsis
1135 3936 1239 3985 saeou·

242 4036 298 4124 lis,
320 4034 451 4107 multos
472 4039 546 4131 jem
576 4036 776 4109 eruditione
799 4037 1104 4133 praestantissimos
1131 4051 1238 4135 atque

1099 4166 1111 4218 1
