3114 4960
633 455 827 526 ,49-

277 608 379 698 Nam,
395 622 433 679 ut
443 608 585 679 illorum
599 604 756 680 errorem
768 607 958 697 diluamus,
971 623 1107 680 certum
1117 625 1170 682 est
1179 611 1225 683 de

230 730 375 806 Excidio
394 733 720 830 Hierosolymitanae
734 733 831 804 urbis
845 732 968 822 libros,
984 734 1129 806 eosdem
1150 760 1224 808 non

225 885 302 931 esse
332 883 423 957 qnos
456 860 557 931 toties
586 859 747 956 allegavit
773 859 956 932 Eusebius.
987 859 1227 933 Revolvuntur

224 987 323 1056 enim
337 983 437 1074 licet,
453 1009 513 1056 sus
526 983 643 1082 deque
661 999 845 1056 vertantur
857 984 938 1057 libri
954 1009 1045 1082 quos
1061 987 1227 1059 Senensis

226 1108 416 1205 caeteriqne
441 1109 639 1208 proferunt,
660 1132 705 1180 ne
723 1133 836 1181 unum
860 1110 1005 1206 quidem
1024 1112 1059 1182 in
1081 1114 1131 1182 eis
1150 1136 1226 1186 ver·

228 1230 317 1302 bum
329 1231 485 1303 invenies
495 1231 593 1329 quod
607 1233 872 1331 Hegesippianae
880 1231 1036 1305 historioe
1047 1235 1226 1332 fragmen-

229 1343 476 1427 tis'consonel.
499 1355 643 1428 Accedit
669 1355 767 1454 quod
800 1366 1065 1436 ἐκκλησιαστικῶν
1090 1356 1224 1454 πράξεων

225 1489 469 1577 ὑπομνήματαε
486 1481 652 1577 passione
668 1481 814 1554 Domini
841 1481 1013 1578 usquead
1036 1484 1225 1583 Hegesippi

228 1617 389 1701 tempora
407 1601 635 1676 christianam
650 1602 834 1676 historiam
851 1605 1052 1693 referrent¹,
1071 1604 1122 1676 illi
1139 1630 1224 1678 vero

227 1726 308 1798 libri
325 1725 528 1797 Judaeorum
542 1726 686 1799 annales
699 1727 860 1799 tradant'
872 1755 879 1795 :
889 1727 976 1823 jam,
991 1753 1104 1824 quum
1121 1733 1226 1801 Euse-

227 1849 328 1938 bius,
359 1852 668 1947 Hieronymusqne
685 1851 923 1949 Hegesippum
949 1851 1100 1949 simplici
1133 1850 1223 1948 stylo

226 1974 405 2073 scripsisse
424 1973 557 2064 dicant,
573 1989 699 2046 auctor
711 1973 804 2045 illius
816 1976 952 2073 operis,
968 1975 1127 2073 quisquis
1145 1990 1223 2048 tan·

226 2100 310 2171 dem
327 2098 386 2171 ille
402 2100 459 2189 sit,
474 2096 612 2196 grandi,
626 2122 794 2196 operoso,
816 2124 857 2171 ac
877 2125 970 2197 pene
989 2100 1152 2173 affectato
1170 2100 1224 2172 di·

225 2225 331 2297 cendi
347 2249 477 2322 genere
490 2224 630 2296 utitur³.

275 2354 346 2421 Nec
352 2351 469 2422 verius
478 2348 588 2440 dicas,
602 2347 699 2420 idem
706 2373 811 2446 opus,
821 2347 867 2420 ab
876 2348 938 2420 illo
945 2348 1043 2446 qnod
1054 2348 1224 2422 Eusebius

227 2487 404 2545 memorat
420 2497 505 2545 sane
522 2472 715 2562 diversum,
728 2473 897 2545 eumdem
908 2487 1026 2548 tamen
1040 2488 1224 2548 auctorem

228 2597 465 2695 Hegesippum
487 2594 669 2686 habuisse,
701 2618 785 2668 nam
812 2611 911 2668 aetate
934 2621 1079 2694 qnoque
1106 2612 1224 2695 poste·

227 2722 357 2792 riorem
387 2745 425 2792 se
454 2745 530 2793 esse
569 2720 715 2819 prodit,
748 2720 883 2792 Excidii
914 2721 1223 2818 Hierosolymitani

225 2862 360 2920 auctor.
402 2849 563 2920 Meminit
600 2849 697 2920 enim
736 2847 1090 2947 Constantinopolis*
1115 2873 1223 2945 qnam

222 2973 395 3071 aequalem
415 2977 535 3046 Romae
550 2971 671 3065 hahet,
689 2971 788 3071 qnod
815 2973 972 3071 primum
988 2986 1028 3044 ut
1044 2977 1224 3046 Burrensis

225 3096 487 3187 animadvertit,
503 3099 541 3168 in
552 3097 706 3169 concilio
713 3094 1125 3194 constantinopolitane,
1139 3100 1224 3168 Gra·

225 3224 322 3294 tiano
339 3238 375 3295 et
384 3221 586 3295 Theodosio
604 3220 877 3320 imperantibus,
898 3221 1030 3295 factum
1041 3222 1218 3319 legimns⁸.

276 3350 442 3445 Sequitur
459 3348 559 3445 qnod
576 3371 651 3418 non
672 3349 834 3418 Graecum
849 3346 912 3419 sed
929 3348 1095 3420 Latinum
1113 3348 1221 3447 scrip·

265 3544 327 3601 ¹V'
351 3584 358 3597 .
430 3588 436 3602 .
495 3544 535 3601 ‚2
559 3588 566 3600 .

263 3543 358 3701 'vid
373 3560 496 3697 sbllblioll.
519 3545 599 3698 Plrtr.
625 3635 780 3715 Margarini
800 3633 935 3714 Labigne.
956 3634 1106 3715 Lugduni,
1132 3637 1220 3706 1677,

225 3757 255 3813 p.
271 3739 359 3808 1123,
377 3739 465 3797 1214.

265 3831 466 3890 'Laurentius
493 3828 649 3888 Burrensis.
681 3826 814 3887 Bibliotlr.
846 3829 924 3885 Patr.
952 3826 1104 3905 Lngbm„
1132 3827 1219 3899 1677,

226 3929 463 4078 Psfffflo
477 4024 607 4088 Hieros,
629 4017 678 4076 lib.
692 4021 751 4088 111,
767 4038 797 4095 p.
816 4019 904 4076 1163.
922 4017 997 4093 Bibl.
1013 4019 1093 4078 Patr.

263 4116 274 4150 ⁸
294 4121 380 4177 Lam:
397 4120 477 4175 Bam.
495 4116 627 4174 Biblioth.
645 4117 742 4183 Patr,
761 4133 788 4191 p.
808 4116 895 4172 1123.

1066 4210 1084 4269 1
