3114 4960
648 400 851 479 1-57-

258 558 326 622 σίαν
343 561 394 623 τοῦ
406 556 593 648 Χριστοῦῶς
610 559 661 621 καί
678 536 815 647 Ιέρώδης·
833 557 885 621 καί
899 554 1087 647 ἐπηρώτησεν
1103 553 1212 631 αὐτούς
1228 559 1253 620 εἰ

257 673 290 739 ἐκ
302 669 402 762 Δαὸίδ
414 674 471 757 ιίσλΙ
488 675 539 738 καί
555 672 768 764 ῶμολόγησαν.
781 674 854 738 Τότε
868 674 1020 764 ἠρώτησεν
1035 670 1144 748 αὐτούς
1156 673 1254 748 πόσας

256 796 376 869 κτήσεις
391 795 527 880 ἔχουσιν,
547 790 682 862 ἢπόσων
699 793 863 884 χρημάτων
880 789 1079 881 κυριεύουσιν.
1097 789 1136 859 Οἱ
1157 785 1190 854 δέ
1208 786 1252 872 εί-

255 923 310 975 πον
327 911 488 1002 ἀμφότεροι
508 909 715 998 ἐννακισχίλια
728 905 1020 1000 δηνάριαύπάρχειν
1037 907 1140 983 αὐτοῖς
1155 909 1250 995 μόνα,

254 1026 373 1116 ἑκάστῳ
397 1027 495 1094 αὐτῶν
520 1028 688 1103 ἀνόκοντως
711 1031 765 1092 ’τοῦ
788 1029 932 1113 ἡμίσεως·
958 1027 1009 1091 καί
1029 1029 1128 1090 ταῦτα
1146 1024 1200 1099 οὐκ
1223 1024 1253 1090 ἐν

254 1148 409 1237 ἀργυρίοις
426 1149 556 1237 ἔφασκον
573 1148 681 1234 ἔχειν,
696 1143 763 1210 ἀλλ’
783 1143 812 1209 ἐν
838 1140 1010 1232 διατιμήσει
1035 1152 1090 1234 γῆς
1115 1142 1253 1236 πλῦθρων

1169 1262 1176 1281 1

255 1266 416 1353 τριάκοντα
434 1263 523 1328 ἐννέα
534 1265 643 1349 μόνων.
662 1257 706 1339 Εξ
721 1255 761 1329 ὧν
782 1265 834 1329 καί
858 1261 929 1339 τούς
952 1263 1060 1354 φόρους
1081 1264 1249 1354 ἀναφερειν,

254 1385 307 1447 καί
329 1381 438 1458 αὐτοῦς
458 1381 697 1473 αὐτουργοῦντας
719 1377 946 1474 διατρέφεσθαι.
966 1377 1044 1452 Εἶτα
1068 1376 1177 1451 δὲκαὶ
1197 1383 1253 1457 τὰς

253 1508 359 1592 χεῖρας
379 1501 435 1576 τάς
451 1499 565 1566 ἑαυτῶν
586 1496 798 1565 ἐπιδεικνύναι·
818 1498 986 1592 μαρτύριαν
998 1508 1051 1576 τῆς
1069 1498 1252 1590 αὐτουργίαι

254 1617 306 1688 την
321 1622 374 1682 τοῦ
391 1619 533 1706 σώματος
544 1617 709 1709 ,σκληρίαν,
724 1619 775 1684 καί
788 1617 858 1695 τούς
868 1619 931 1685 ἀπὸ
942 1627 995 1694 τῆς
1008 1623 1152 1707 συνεχοῦς
1164 1618 1252 1709 ε’ργα-

254 1738 323 1810 σίας
340 1734 620 1821 ἐναποτυπωθέντας
643 1735 690 1801 ἐπί
713 1745 772 1803 τῶν
792 1732 876 1802 ἰδίων
896 1744 1006 1828 χειρῶν
1024 1735 1131 1812 τύλους
1153 1760 1250 1827 παρι-

252 1856 396 1930 στάντας.
408 1833 620 1945 Εὐρωτηθέντας
631 1850 665 1919 δὲ
676 1858 742 1947 περί
753 1860 807 1920 τοῦ
817 1860 949 1947 Χριστοῦ
960 1858 1013 1920 καὶ
1025 1864 1079 1932 τῆς
1090 1852 1249 1941 βασιλείας

252 1971 365 2056 αὐτοῦ,
386 1972 476 2038 ὁποία
492 1974 538 2048 τίς
555 1979 600 2043 είη
622 1974 677 2037 καί
693 1997 764 2039 ποτε
785 1975 837 2038 καί
860 1983 912 2039 ποῖ
934 1973 1140 2065 φανησομένη,
1161 1974 1250 2066 λόγον

253 2085 377 2175 δοῦναι,
393 2092 434 2166 ὡς
447 2088 483 2154 οὐ
500 2090 632 2177 κοσμικίι
648 2088 701 2178 μέν
716 2087 783 2156 οὐδ’
801 2091 948 2183 ἐπίγειος,
963 2089 1184 2186 ἐπουράνιοςδέ
1196 2096 1248 2171 καί

252 2205 398 2296 ἀγγελικίι
413 2207 575 2297 τυγχάνει,
595 2205 641 2272 ἐπί
664 2207 818 2292 συντελείᾳ
842 2213 895 2275 τοῦ
919 2212 1027 2285 αἰῶνος
1048 2209 1246 2300 γενησομένη,

252 2324 379 2396 ὁπηνίκα
394 2322 485 2390 ἐλθὼν
502 2322 532 2388 ἐν
549 2319 621 2414 δόξῃ
638 2327 745 2418 κρίνειε
763 2332 877 2403 ζῶντας
889 2329 942 2392 καί
956 2326 1089 2418 νεκροὺς,
1106 2327 1158 2391 καί
1173 2329 1249 2392 ἀπο-

252 2436 343 2507 δώσει
361 2440 479 2529 ἑκάστῳ
499 2444 581 2508 κατὰ
599 2443 638 2507 τά
655 2440 880 2532 ἐπιτηδεύματα
900 2444 1006 2510 αὐτοῦ·
1026 2443 1069 2535 ἐφ’
1092 2438 1137 2520 οἷς
1156 2440 1249 2532 μηδὲν

251 2557 350 2623 αὐτῶν
366 2560 579 2649 κατεγνωκότα
598 2559 648 2625 τόν
668 2561 967 2654 Δομετιανόν,”ἀλλόι
986 2562 1038 2627 καὶ
1064 2562 1105 2637 ῶς
1125 2560 1248 2627 εὐτελῶν

251 2680 539 2766 καταφρονήσαντα,
559 2676 727 2768 ἐλευθέρους
743 2676 796 2766 μὲν
814 2678 1071 2765 αὐτοῦςάνεῖναι,
1088 2684 1249 2745 καταπαῦ-

249 2816 302 2859 σαι
316 2789 349 2859 δέ
367 2789 387 2858 δ
389 2796 425 2875 ιά,
437 2796 673 2885 προστάγματος
687 2795 737 2860 τὸν
752 2797 834 2861 κατά
847 2805 901 2872 τῆς
918 2795 1082 2874 ἐκκλησίας
1099 2793 1245 2888 διωγμόν.

250 2911 325 2987 Τούς
342 2908 376 2977 δέ
393 2912 614 2997 ἀπολυθέντας,
634 2916 810 3004 ἡγήσασθαι
827 2922 886 2980 τῶν
900 2914 1078 2993 ἐκκλησιῶν,
1097 2917 1138 2992 ῶς
1154 2917 1191 2980 ἀν
1208 2912 1247 2985 δῦ

249 3031 406 3120 μάρτυρας
423 3030 497 3116 ἐμοῦ
513 3031 565 3095 καί
585 3032 644 3095 ἀπὸ
657 3030 760 3121 γένους
775 3035 863 3104 ὄντας
874 3035 928 3096 τοῦ
945 3032 1068 3121 Κυρίου.
1087 3031 1247 3120 Γενομένης

247 3169 278 3210 τε
296 3148 432 3237 εἰρήνης,
453 3150 542 3238 μεχρί
557 3153 706 3238 Τραιανοῦ
723 3156 907 3238 παραμεῖναι
925 3147 1033 3224 αὐτοὺς
1045 3157 1087 3235 τῷ
1104 3145 1176 3237 βίῳ.

581 3318 831 3366 FRAGMENTUM·
861 3320 912 3367 IV.

492 3446 541 3507 (Ex
556 3446 644 3497 Euseh.
658 3448 797 3508 Hm.‚lib.
810 3448 859 3509 111,
872 3462 894 3499 c.
908 3449 996 3510 mn.)

295 3551 320 3635 (λ
338 3566 462 3647 δἀὐτὸς
480 3571 681 3662 συγγραφεὺς,
696 3574 747 3636 καὶ
763 3571 879 3665 ἐτέρους
898 3574 957 3638 ἀπὸ
980 3573 1083 3664 γένους
1101 3573 1162 3649 ἑνὸς
1188 3583 1245 3641 τῶν

246 3696 410 3786 φερομένων
421 3691 557 3787 ἀδελφῶν
568 3700 621 3761 τοῦ
636 3704 782 3787 σωτῆρος,
803 3689 935 3783 ᾧόνομα
947 3678 1080 3773 Ἰούδας,
1096 3700 1185 3788 φησίν
1204 3702 1245 3775 εἰς

246 3820 298 3889 τὴν
321 3820 413 3892 αὐτὴν
436 3820 590 3887 ἐπιόιῶναι
616 3818 795 3906 βασιλείαν,
826 3823 902 3908 μετὰ
931 3825 983 3892 τήν
1012 3817 1071 3893 ἤδη
1101 3822 1244 3911 πρότερον

246 3942 448 4033 ἱστορεθεῖσαν
465 3945 564 4011 αὐτῶν
582 3943 653 4036 ὑπὲρ
671 3954 723 4020 τῆς
739 3949 781 4020 είς
798 3946 926 4036 Χριστὸν
946 3947 1075 4020 πίστεως
1089 3944 1135 4009 ἐπί
1149 3950 1244 4032 Δομε-

246 4072 349 4132 τιανοῦ
362 4073 541 4160 μαρτυρίαν.

1287 3596 1316 3636 [νο
1324 3594 1402 3639 iisdem
1412 3598 1422 3638 J
1425 3596 1473 3638 udae

1319 3650 1467 3730 Nepotibus.)
