3114 4960
367 593 515 661 Constat
546 592 661 687 igitur,
684 592 792 662 Cavio
821 591 967 688 quidem
997 597 1319 680 teste,‘auctorem

318 712 424 784 fnisse
440 714 629 786 Ambrosio
654 714 844 812 equalem,
870 731 905 788 et
922 716 958 786 in
977 715 1085 787 finem
1100 730 1227 813 quarto
1243 739 1320 786 ver·

320 854 424 935 gente
450 839 579 911 saeoulo
606 839 781 911 floruisse.
801 843 921 911 Stante
947 841 1044 912 enim
1069 839 1188 912 adhuc
1204 838 1317 937 -apud

318 964 542 1036 occidentem
554 965 705 1063 imperio
720 968 883 1037 Romano
894 964 1034 1056 vixisse,
1051 964 1089 1037 id
1101 966 1227 1064 saepius
1240 966 1317 1062 ipso

319 1104 499 1161 annuente
526 1105 663 1162 certum
688 1106 752 1180 est,
774 1115 841 1162 nec
867 1088 1018 1162 dubium
1046 1087 1172 1161 haberi
1202 1104 1319 1188 potest

319 1214 404 1310 quin
424 1229 506 1311 post
522 1216 747 1286 Constantini
764 1230 926 1313 tempora
944 1214 1123 1304 floruerit,
1148 1213 1211 1311 qui
1228 1217 1318 1284 Con·

318 1338 673 1438 stantinopolisnovae
681 1346 803 1412 Bomoe
812 1339 1133 1428 mentionemfacit,
1144 1353 1180 1410 et
1189 1340 1317 1408 Scotioe

318 1467 553 1562 Soxont'aeque
577 1467 861 1563 provinciarum,
882 1466 957 1562 jam
983 1466 1176 1538 Gothorum
1198 1464 1317 1536 Gallu-

256 1659 259 1667 „
319 1614 466 1687 rumque
482 1590 583 1688 operi
600 1613 666 1662 suo
684 1590 845 1663 inseruit.

366 1713 534 1810 Quisquis
557 1713 703 1785 tandem
732 1716 762 1785 is
787 1714 890 1785 suerit
919 1731 1061 1805 auctor,
1095 1730 1232 1787 certum
1264 1731 1316 1786 est

318 1862 401 1908 eum
431 1837 587 1910 alienum
618 1863 694 1911 esse
726 1838 771 1910 ab
800 1840 1001 1937 Hegesippo
1034 1854 1176 1928 nostro;
1209 1855 1317 1935 atque

316 1960 408 2033 adeo
420 1961 466 2033 de
484 1960 577 2033 illius
587 1986 709 2061 opere,
725 1962 807 2034 iicet
820 1962 908 2033 iliud
922 1988 996 2034 non
1009 1963 1314 2035 contemnendum

317 2087 470 2184 Lipsins¹
483 2086 637 2182 judicet,
657 2086 759 2184 plura
772 2085 891 2158 dicere
906 2087 1249 2186 supersedebimus'.

367 2210 650 2310 Comprobatum
671 2213 777 2309 igitur
795 2210 990 2300 habemns,
1011 2212 1078 2283 nisi
1101 2228 1226 2284 nostro
1243 2213 1316 2310 ipsi

312 2336 447 2432 judicio
465 2337 616 2410 nimium
633 2336 787 2409 fallimur
807 2365 813 2406 :

366 2737 402 2803 t⁰
426 2731 479 2803 Ab
495 2733 695 2830 Hegesippo
714 2734 776 2829 qni
792 2757 915 2806 revera
934 2734 1093 2806 secundo
1111 2734 1241 2806 Christi
1259 2760 1316 2806 sae·

315 2858 401 2930 cnlo'
428 2859 580 2950 exstitit,
619 2859 778 2956 quinque
808 2858 1133 2931 Ecclesiasticornm
1171 2872 1314 2932 actuum

315 2982 425 3056 libros
452 2982 557 3055 fnisse
591 2985 836 3082 conscriptos,
868 3007 1023 3079 quornm
1055 2984 1193 3054 sincera
1218 2985 1315 3082 apud

315 3108 509 3179 Eusebium
524 3107 674 3205 legimus
690 3108 898 3204 fragmenta.

364 3292 401 3359 2⁰
423 3291 590 3358 Veterum
610 3282 822 3383 scriptorum
840 3299 875 3356 et
889 3288 1127 3359 recentiorum
1145 3313 1316 3385 qnorum·

315 3411 399 3483 dam
431 3409 641 3483 testimoniis
669 3408 801 3480 horum
831 3413 1170 3485 commentariorum
1207 3413 1314 3487 iidem

315 3535 572 3608 commendari.

365 3717 401 3787 3⁰
424 3712 571 3784 Mendes
586 3738 665 3809 quae
686 3712 722 3782 in
739 3711 795 3782 his
817 3714 1081 3784 commentariis
1107 3734 1313 3809 occurrunt,

353 4000 362 4032 ¹
386 4002 427 4055 De
438 3998 542 4054 Excid.
560 3996 697 4054 Hiemsol.
718 4013 766 4071 ap.
779 3991 865 4052 Guiil.
883 3994 974 4062 Cave,
992 4013 1021 4070 p.
1039 3997 1105 4054 170.

352 4095 362 4125 ¹
382 4093 458 4170 Lips.
477 4091 507 4148 in
521 4088 609 4147 Tacit.

1540 1000 1542 1159 i

1540 1222 1542 1337 t
