3114 4960
635 407 830 479 ..47-

283 554 441 626 Alternm
466 578 508 624 ex
532 553 588 626 his
614 554 834 653 fragmentis,
857 560 934 629 viro
954 573 1078 630 sancto
1098 575 1231 633 temere
1277 584 1463 650 spreturum

235 678 388 769 tributis,
401 680 437 749 in
451 678 600 777 epistola
613 682 703 752 Petri
717 681 762 752 de
776 685 908 754 Marca¹
919 682 1083 753 Tolosani
1098 684 1231 756 archia·
1309 642 1430 740 *¹55th

233 808 370 907 piscopi
387 806 432 879 ad
446 807 638 882 Hernicum
654 806 831 879 Valesium
846 807 987 880 Eusebii
1003 809 1229 906 interpretem

233 932 402 1030 reperias.
416 933 651 1006 Doctissimus
665 933 758 1004 enim
772 931 912 1030 praesul,
927 932 1033 1004 docet
1046 937 1084 1002 B.
1101 932 1230 1005 Lucam

232 1082 254 1130 a
266 1058 365 1130 Pauli
377 1060 547 1131 comitatu
561 1057 817 1147 discedentem,
830 1057 984 1155 magistri
998 1059 1052 1129 sui
1062 1058 1231 1131 mandato

232 1182 270 1252 in
288 1183 438 1255 Galliam
451 1210 490 1257 se
507 1184 711 1273 contulisse,
731 1183 793 1254 ubi
808 1178 1027 1283 praecipunm
1045 1182 1128 1256 fidei
1141 1204 1231 1281 prae·

233 1305 393 1379 dicandae
408 1307 567 1381 studium
576 1307 764 1407 impendit.
778 1311 967 1380 Auctorem
986 1307 1092 1402 hujus
1108 1329 1231 1380 narra-

233 1428 340 1502 tionis
355 1431 595 1531 Epiphanium
606 1431 761 1530 appellat
772 1432 827 1502 vir
838 1431 1010 1521 eraditus,
1027 1432 1089 1528 qui
1102 1432 1231 1505 Haeresi

232 1579 265 1625 m
293 1554 382 1628 illud
412 1555 458 1629 de
483 1561 522 1629 Β.
548 1558 642 1629 Luca
665 1571 833 1645 testatur,
859 1571 935 1628 turn
964 1580 1008 1627 ex
1030 1559 1232 1657 Hegesippo

231 1703 343 1754 suam·
368 1683 608 1754 narrationem
639 1682 802 1780 petivisse
817 1680 1066 1780 'Epiphaniam
1090 1684 1232 1772 asserit,

233 1803 372 1877 nullum
395 1831 540 1904 prorsus
566 1806 673 1903 hujus
698 1808 749 1878 rei
763 1805 818 1876 vel
836 1804 1054 1879 levissimum
1072 1805 1233 1902 prebens

232 1945 481 2024 argumentum
489 1935 512 1999 '.

282 2055 344 2124 His
361 2054 466 2150 igitur
477 2053 733 2151 pretermissis,
747 2054 794 2125 ad
805 2053 886 2126 illos
904 2057 1064 2154 quinque
1080 2055 1127 2128 de
1142 2057 1234 2129 exci-
1261 2079 1361 2176 opinu
1379 2077 1438 2175 angi⁸
1446 2075 1475 2121 ae
1555 2134 1556 2137 Ἴ

232 2176 294 2249 dio
306 2176 623 2275 hierosolymitano
639 2178 763 2270 libros,
782 2178 827 2251 ab
841 2180 1043 2277 Hegesippo
1057 2181 1233 2278 quodam,
1260 2144 1369 2295 ‘iffi
1380 2143 1474 2282 wlf}

232 2301 287 2375 vel
300 2303 419 2401 potius
435 2307 606 2403 loseppo,
622 2305 843 2402 conscriptos
855 2303 1126 2394 transeundum,
1143 2323 1237 2401 quos

231 2429 388 2500 loannes
403 2427 615 2501 Trithemius
624 2432 647 2519 ³,
663 2430 781 2500 Sixtus
792 2428 974 2500 Senensis‘
986 2425 1118 2524 aliique
1130 2426 1236 2498 ascri·

233 2550 319 2624 bere
336 2554 533 2652 apostolico
554 2556 630 2626 viro
653 2580 726 2626 non
751 2555 984 2627 dubitarunt:
1004 2578 1022 2623 n
1042 2553 1235 2652 Egesippus

232 2701 365 2774 genere
380 2678 534 2769 Judaeus,
556 2681 604 2752 ait
621 2681 799 2770 Senensis,
815 2682 885 2752 vita
904 2695 941 2753 et
968 2702 1133 2752 sermone
1151 2681 1234 2753 sirn-

233 2801 327 2898 plen,
343 2803 479 2900 redegit
496 2803 541 2875 ad
566 2803 719 2875 sormam
744 2808 874 2876 Graecoe
890 2803 1060 2894 historiae,
1080 2803 1180 2877 brevi
1193 2826 1234 2876 ac

232 2925 384 3025 simplici
398 2926 503 3024 stylo,
520 2949 647 2998 omnes
662 2926 968 3022 hierosolymitani
993 2929 1094 3024 regni
1123 2929 1233 3000 actio·

233 3074 296 3124 nes
313 3067 467 3149 quatuor
483 3051 580 3124 libris
601 3075 725 3148 regum
743 3050 1034 3150 comprehensas,
1051 3074 1163 3148 usque
1187 3052 1234 3124 ad

232 3178 472 3276 captivitatem
483 3177 702 3268 Judaeorum,
716 3178 882 3275 murique
895 3176 1072 3251 excidium
1082 3192 1117 3250 et
1128 3175 1235 3273 Baby·

275 3399 283 3432 ¹
303 3398 409 3460 Euseb.
431 3402 519 3478 Oper.
541 3399 629 3478 Epist.
649 3403 725 3458 Petr.
751 3398 788 3456 de
810 3402 915 3458 Merca.
939 3398 1067 3478 archiep.
1082 3397 1176 3456 Tolos.
1197 3397 1234 3457 ad

234 3494 347 3567 Vales,
362 3517 392 3574 p.
407 3499 436 3556 2.

274 3591 285 3624 ¹
304 3589 409 3651 Euseb.
426 3594 537 3650 Hoeres.
548 3633 558 3659 ‚
571 3611 599 3668 p.
619 3593 667 3650 st.

275 3685 286 3720 ⁸
304 3686 443 3746 Trithem.
454 3691 500 3743 De
510 3688 637 3762 scriptor.
650 3690 746 3746 eccles.
755 3729 765 3755 ,
782 3706 827 3764 ap.
845 3685 975 3744 Biblioth.
987 3700 1066 3763 patr.
1074 3728 1085 3756 ,
1100 3706 1129 3764 p.
1144 3688 1231 3746 llil.

275 3779 286 3814 ⁸
306 3781 377 3842 sixt.
401 3785 468 3843 Seu.
492 3782 656 3843 Bittiottee
680 3796 769 3841 sanct.
781 3825 791 3851 ,
813 3779 863 3840 lib.
885 3785 934 3841 IV.
960 3781 1090 3855 Halloix,
1112 3798 1142 3860 p.
1163 3783 1232 3841 720.

238 3875 290 3934 His
303 3877 428 3937 addendi
439 3883 540 3938 Petrus
560 3878 597 3938 de
610 3878 767 3939 Natalihus.
780 3882 891 3953 (Garat.
905 3882 942 3936 de
957 3882 1052 3956 script.
1072 3878 1231 3944 eeclesias„

237 3971 288 4031 lib.
305 3975 355 4045 IV,
370 3994 396 4035 e.
413 3975 599 4053 xxxv1)‚qui
617 3995 707 4034 unum
722 3987 831 4033 tanturn
851 3975 937 4034 fuisse
953 3974 1149 4055 Hegesippum
1163 3992 1234 4032 con-

237 4065 329 4125 tendit
342 4069 437 4146 operis
450 4069 600 4147 utriusque
614 4082 771 4142 auctorem,
788 4084 816 4129 ct
829 4070 877 4129 alii
891 4071 1017 4148 plurimi.
