3114 4960
717 435 914 509 ..3ss-

316 583 453 659 sissima
476 582 540 659 fuit
561 608 703 683 semper
726 584 914 683 posteritas
938 582 1076 673 David,
1100 608 1142 661 ex
1164 608 1237 682 qua
1260 584 1319 661 alii

316 705 635 809 aechmalotarchaa,
658 708 718 783 alii
735 710 914 808 principes
939 722 1102 785 eraut...
1129 707 1228 785 vides
1247 734 1319 807 qua

318 829 447 911 fiducia
462 846 498 907 et
515 834 609 909 intra
627 833 719 908 duos
736 833 902 908 homines
919 849 992 909 tarn
1012 825 1244 911 numerosum
1259 860 1320 931 ge·

317 978 385 1033 nus
400 979 545 1052 eogere,
561 970 596 1033 et
608 981 630 1033 a
642 957 733 1033 luda
750 958 857 1031 fratre
875 958 1038 1048 Domini,
1054 958 1117 1055 qui
1134 982 1317 1056 nunquam

318 1077 404 1171 fuit,
424 1079 511 1157 illud
532 1079 710 1158 deducere
726 1082 879 1158 voluerit
896 1084 1116 1181 Hegesippua
1130 1083 1226 1159 iste¹.
1243 1111 1260 1151 u

367 1202 410 1275 ld
424 1219 544 1281 autem
562 1230 676 1283 unum
692 1230 752 1286 me
770 1207 890 1284 videre
909 1206 1043 1299 fateor,
1063 1232 1134 1305 qua
1151 1207 1320 1285 nimirum

320 1327 1321 1430 fiducia,ialaajactitet,vireruditissimusNamoirroro'ms

320 1452 419 1529 Jndae
434 1456 497 1553 qui
516 1470 593 1533 erat
608 1456 715 1533 frater
728 1458 875 1537 Domini
888 1457 976 1555 (hoo
989 1482 1092 1535 sume
1107 1481 1175 1556 pro
1191 1456 1320 1533 Christi

320 1578 553 1669 consobrino,
569 1605 591 1657 a
612 1596 787 1661 consueto
806 1584 1068 1683 scripturarum
1080 1605 1259 1659 sacrarum
1271 1581 1322 1655 lo

321 1703 458 1803 quendi
465 1703 604 1803 modo),
615 1705 835 1803 minimeque
842 1706 987 1785 navidis
993 1721 1167 1804 posteros,
1177 1705 1322 1785 adduos

321 1840 461 1905 tanturn
474 1829 659 1922 homines,
677 1844 764 1907 tunc
778 1854 856 1907 esse
869 1828 1033 1908 redactos
1048 1830 1134 1910 dicit
1151 1829 1322 1928 Hegesip·

323 1977 404 2050 pus.
423 1952 551 2029 ludam
569 1969 689 2031 autom
705 1955 852 2031 Domini
870 1955 1013 2033 tranen
1026 1953 1219 2053 aliqnando
1235 1954 1322 2029 exti-

325 2075 407 2153 tisse
421 2091 546 2151 contra
559 2077 779 2176 scaligerum
788 2093 936 2157 testatur
949 2079 1159 2176 evangelicae
1166 2077 1324 2153 historiae

323 2201 477 2300 scriptor
493 2201 696 2281 Matthaeus'
715 2203 922 2302 apostolus:
943 2208 1098 2281 «Nonne
1112 2219 1226 2281 mater
1247 2203 1324 2300 eJus

325 2325 456 2407 dieitur
471 2328 598 2419 Maria,
618 2343 652 2404 et
669 2329 794 2403 fratres
810 2330 886 2426 ejus
902 2328 1055 2407 Jacobus
1079 2344 1115 2406 et
1134 2327 1268 2429 loseph
1286 2343 1324 2402 at

325 2452 450 2529 Simon
473 2465 509 2527 et
532 2451 708 2525 lodari»
736 2455 801 2525 Cui
830 2453 1040 2550 suffragatur
1064 2456 1205 2529 Marcus
1230 2454 1323 2527 Petri

326 2572 481 2651 auditor.

125 2704 201 2800 {25³³}
242 2713 258 2798 ξ
287 2776 299 2787 ,
377 2701 456 2769 Non
467 2698 635 2799 equidem
645 2724 723 2772 sum
734 2701 937 2790 nescius,in
951 2701 1036 2773 alias
1048 2725 1195 2799 quoque
1208 2725 1328 2803 repre-

121 2823 149 2854 ⁰¹¹
239 2819 284 2851 ‘⁰⁸'
326 2821 721 2923 hensionechgesippi
737 2849 830 2922 opus
845 2824 1022 2915 incidisse,
1047 2826 1111 2900 sed
1127 2826 1205 2901 illas
1228 2826 1325 2925 apud

327 2948 566 3047 scaligerum,
594 2950 817 3049 Dupiniurn⁸
847 2949 1007 3046 aliosque
1040 2950 1200 3046 ejusdem
1233 2966 1329 3023 notae

327 3076 528 3174 scriptores,
550 3088 589 3145 ut
602 3074 815 3173 plerumque
832 3074 1090 3167 acerbissimas,
1102 3077 1151 3148 ita
1168 3090 1204 3148 et
1220 3101 1330 3148 vanas

328 3221 469 3273 censeo.
483 3202 563 3269 Non
573 3197 712 3299 negabo
724 3214 858 3290 tamen,
871 3199 983 3275 multa
991 3199 1206 3277 abstrusiora
1216 3215 1252 3275 et
1263 3200 1329 3275 dil-

328 3317 490 3411 ficiliora,
510 3335 588 3394 tum
604 3322 768 3419 quaedam
785 3347 806 3395 a
821 3324 968 3396 veritate
987 3323 1110 3397 leviter
1129 3325 1258 3415 aliena,
1272 3325 1329 3397 vel

328 3444 452 3517 saltem
477 3445 528 3517 illi
547 3445 719 3518 absimilia
740 3448 777 3519 in
795 3449 871 3545 ejus
896 3449 1034 3548 scriptis
1061 3473 1262 3540 occurrere,
1284 3449 1332 3522 ad

328 3595 407 3675 quae
434 3570 531 3642 velut
552 3572 598 3644 ad
619 3573 808 3671 scopulum
834 3573 975 3646 lectoris
1000 3576 1140 3648 animus
1162 3575 1329 3665 offendit,

368 3789 534 3869 ¹Scaliger.
565 3793 759 3852 animadvers.
790 3790 960 3865 Eusebium,
995 3812 1026 3870 p.
1048 3796 1253 3869 ato-taam,
1278 3799 1330 3859 90.

328 3884 435 3967 Dupin.
452 3885 527 3945 Bibl.
545 3888 595 3942 des
607 3900 720 3944 auteurs
731 3892 840 3956 sacres,
858 3899 878 3946 t.
895 3891 924 3949 I.
941 3908 971 3967 p.
990 3891 1060 3961 166,
1077 3892 1128 3965 67,
1146 3892 1196 3950 69.

366 3983 377 4017 ’
396 3983 550 4067 Scaliger„
566 4002 596 4060 p.
612 3985 679 4041 190.
696 3982 849 4044 Eusebian.
866 3985 1055 4045 animadvers.

368 4077 379 4112 ⁸
398 4079 520 4149 Matth.,
536 4099 561 4138 c.
577 4098 650 4148 xm,
666 4097 694 4159 p.
714 4080 763 4136 55.
