3114 4960
670 779 849 859 CAPUT
883 779 966 858 lll.

343 1226 389 1273 nn
411 1224 558 1275 scatens
581 1224 664 1287 oon
684 1222 871 1274 menneo
890 1222 1026 1274 annm
1042 1222 1292 1276 ammonem

369 1439 548 1508 Hactenus
574 1436 621 1509 de
647 1437 792 1509 sinceris
813 1436 1002 1536 Hegesippi
1028 1434 1216 1535 operibus,
1248 1456 1317 1536 pro

321 1556 451 1632 virium
462 1575 665 1634 nostrarum
677 1577 796 1661 captu,
811 1562 963 1660 egimus3
977 1578 1215 1653 runcantem,
1228 1562 1314 1633 utin

321 1686 498 1782 prooemio
510 1684 720 1776 dictumest,
735 1687 780 1758 ad
789 1706 831 1759 ea
838 1687 1048 1760 devenimus
1059 1708 1137 1784 quae
1146 1682 1213 1759 sub
1224 1682 1315 1758 illius

321 1811 476 1882 auctoris
492 1812 652 1903 nomine,
672 1813 709 1883 in
727 1810 843 1884 lucem
860 1812 1037 1911 prodiere.
1057 1815 1108 1882 Ex
1131 1812 1174 1882 iis
1196 1827 1315 1885 autem

319 1950 447 2032 praeter
466 1935 540 2007 duo
559 1936 724 2008 breviora
753 1936 960 2034 fragmenta,
983 1934 1121 2010 nullum
1146 1936 1233 2007 novi
1248 1936 1315 2007 nisi

318 2061 477 2156 quinque
489 2060 535 2132 de
551 2061 698 2132 Excidio
711 2061 1028 2158 hierosolymitano
1044 2060 1166 2132 libros.

365 2185 550 2256 Hoecenim
560 2185 597 2257 in
608 2185 1156 2283 Bcdoeetridonismartyrologiis
1165 2184 1211 2256 ad
1219 2184 1313 2257 diem

318 2312 508 2409 septimum
524 2312 651 2411 Aprilis
664 2314 738 2410 jam
756 2312 904 2409 legimus
923 2339 931 2383 z
951 2340 968 2381 a
980 2311 1070 2383 lllud
1082 2332 1228 2409 quoque
1243 2313 1313 2379 He·

320 2436 486 2536 gesippus
503 2438 540 2508 in
558 2434 656 2508 libris
672 2437 744 2508 suis
761 2437 867 2508 refert
890 2436 935 2508 de
957 2435 1228 2508 conversatione
1250 2450 1313 2505 sua

318 2580 427 2658 quam
461 2560 585 2632 habuit
612 2562 650 2631 in
680 2560 801 2658 gentili
825 2560 1172 2661 philosophiatnam
1196 2534 1312 2654 efego

318 2687 405 2784 ipse,
429 2689 489 2777 ait,
508 2686 612 2757 seclis
631 2685 817 2785 platonicis
832 2686 1024 2778 institutus,
1055 2686 1203 2757 audiens
1227 2684 1313 2758 inia-

317 2813 406 2883 mari
422 2811 634 2884 christianos
649 2826 685 2884 et
701 2813 826 2883 videns
844 2836 907 2885 eos
927 2810 1126 2911 impavidos
1143 2809 1189 2882 ad
1206 2810 1314 2881 susci·

315 2937 483 3035 piendam
497 2953 651 3010 mortem
667 2952 775 3035 atque
791 2962 900 3010 omne
926 2936 1140 3035 supplicium
1161 2934 1313 3006 toleran-

316 3061 425 3152 dum,
458 3061 729 3134 considerabam
762 3061 862 3158 quod
897 3059 1115 3160 impossibile
1149 3071 1240 3132 esset
1274 3058 1310 3129 in

317 3183 449 3255 malitia
466 3208 527 3256 eos
541 3184 623 3259 etin
635 3184 782 3256 libidine
796 3183 1009 3257 conversari.
1035 3212 1052 3251 >i

364 3307 425 3378 llla
440 3322 559 3379 autem
584 3308 691 3381 verba
707 3332 893 3408 perperam
910 3307 1110 3408 Hegeslppo
1127 3306 1312 3379 ascribun-

318 3449 388 3524 tur,
417 3457 500 3504 nam
525 3458 546 3506 a
573 3437 710 3506 luslino
738 3430 954 3533 philosopho
987 3433 1125 3532 prolata
1151 3447 1246 3521 sunt,
1273 3434 1309 3502 in

315 3558 479 3657 apologia
505 3560 700 3657 posteriore
711 3564 732 3651 ¹,
755 3572 790 3631 et
812 3560 908 3659 apud
933 3554 1307 3643 Eusebium¹erstant‚

315 3684 431 3756 eidem
450 3686 595 3780 martyri
612 3685 756 3757 tributa.

352 3881 361 3913 ¹
382 3879 487 3940 lustin.
503 3883 620 3956 Apolog.
646 3899 692 3957 ap.
712 3878 818 3939 Euseb.
833 3881 908 3941 Hist.
925 3884 1041 3950 eccles„
1064 3878 1115 3939 lib.
1130 3883 1180 3950 IV,
1196 3900 1222 3936 c.
1238 3899 1308 3950 vm,

335 4019 343 4036 .
361 3977 428 4037 122.

312 3995 332 4053 p
354 4070 364 4102 ²
385 4072 493 4135 Euseb.
510 4075 584 4131 Hist.
602 4075 717 4141 eccles„
733 4071 784 4132 lib.
802 4076 1023 4152 Iv,c.v111,p.
1041 4076 1107 4132 122.
