3114 4960
646 447 839 514 ..Μ-

248 599 290 666 Et
302 595 371 666 alio
383 594 493 666 libro1
505 623 522 662 a
532 593 750 691 quid'autcm
765 593 918 692 apostoli
928 595 1241 692 praedicaverint...

248 734 281 789 et
297 718 355 789 hic
374 717 694 816 praescribamaon
720 718 821 790 aliter
849 717 993 817 probari
1022 718 1154 790 debere
1177 720 1245 790 nisi

245 867 315 939 per·
336 842 490 914 casdemr
503 841 666 914 ecclesias
692 867 781 938 quas
808 842 874 939 ipsi
892 841 1045 941 apostoli
1071 843 1244 914 condide-

244 982 349 1056 runt,
370 968 438 1064 ipsi
457 967 506 1038 eis
519 967 771 1065 'praedicaodo‚
791 982 864 1037 tam
890 967 988 1056 riva,
1007 968 1106 1064 quod
1122 969 1241 1058 aiunt,

245 1114 336 1161 voce
360 1091 626 1190 quamsoriptis
647 1106 783 1189 postca.
802 1120 820 1159 a
835 1092 915 1162 ·Cni
937 1107 1138 1163 consonant
1161 1092 1244 1163 Cle-

246 1215 398 1284 mentis²
422 1214 530 1286 verba
553 1216 589 1286 in
620 1214 713 1287 libro
743 1219 961 1287 Stromanrm
979 1217 1092 1311 ¹aqui
1123 1240 1244 1287 veram

246 1337 390 1432 quidem
406 1326 519 1410 beatae
530 1337 705 1409 doctrinae
722 1337 911 1410 servabant
931 1337 1158 1410 traditionem
1177 1354 1246 1411 sta·

214 1525 217 1531 .
241 1461 309 1532 tim
326 1468 480 1534 aPetro·
491 1478 526 1534 et
541 1468 679 1534 Joanne
697 1479 733 1535 et
748 1464 882 1553 Paulo,
903 1463 1034 1534 sanctis
1054 1462 1242 1560 apostolis,

244 1583 374 1656 filinssa
389 1602 489 1685 patre
506 1587 695 1686 accipiens,
712 1587 758 1659 ad
771 1612 838 1659 nos
851 1611 997 1685 quoque
1011 1591 1088 1658 Deo
1102 1587 1244 1660 volente

244 1726 493 1807 pervenerant,
510 1711 570 1783 illa
582 1737 604 1784 a
618 1712 814 1808 majoribus
827 1711 912 1783 data
925 1726 961 1783 et
976 1711 1169 1808 apostolica
1184 1712 1245 1784 de·

245 1833 395 1930 posituri
412 1835 559 1906 semina.
579 1863 597 1901 a

295 1958 355 2028 His
369 1998 372 2005 ·
385 1973 514 2030 vautem
544 1959 652 2028 sacris
688 1983 708 2028 e
750 1957 907 2029 fontibus
939 1957 1050 2029 multa
1087 1956 1244 2030 hausisse
1285 1990 1473 2053 capuanam

246 2082 506 2179 Hegesippum,
536 2095 611 2150 tum
636 2080 831 2153 Eusebius³
854 2098 930 2153 tum
954 2084 1031 2181 ipse
1056 2097 1240 2156 testantur.
1273 2044 1485 2153 ronppguessippppm

248 2233 267 2272 α
282 2204 412 2277 Scribit
427 2206 523 2277 enim
542 2230 593 2294 se,
618 2206 666 2277 ait
681 2208 944 2296 Gaesareensis‘,
963 2232 1075 2303 quum
1094 2213 1244 2280 Romam

245 2328 551 2427 proficisceretur,
569 2328 744 2427 plurimos
771 2329 959 2428 episcopos
977 2331 1125 2421 adiisse,
1147 2346 1182 2403 et
1199 2331 1245 2402 ab

246 2461 412 2532 omnibus
428 2485 537 2532 unam
556 2459 790 2556 eamdemque
810 2458 987 2530 audivisse
1002 2459 1243 2530 doctrinam.»

246 2595 341 2661 Δηλοῖ
354 2596 393 2667 ὡς
408 2589 565 2667 πλείστοις
579 2589 752 2666 ἐπισκόποις
765 2583 953 2681 συμμίξειαν,
972 2583 1153 2681 ἀποδημίαν
1160 2589 1245 2656 oret·

239 2713 374 2804 *tapeta
396 2716 486 2806 μέχρι
502 2708 637 2805 Ῥώμης,
654 2714 705 2779 καὶ
721 2719 761 2791 ὡς
773 2716 825 2781 ὅτι
841 2717 1014 2788 τὴνάὐτῆν
1026 2712 1107 2807 παρὰ
1126 2714 1245 2781 πάντων

245 2836 413 2929 παρείληφε
424 2830 635 2904 διδασκαλίαν.
649 2832 757 2919 Quod
769 2833 815 2903 de
822 2833 1089 2904 Corinthiorum
1101 2834 1246 2904 ecclesia

245 2956 375 3030 diserte
385 2959 439 3029 ¹ait
457 2959 694 3054 Hegesippus⁵
710 2985 718 3028 ε
736 2986 753 3024 α
767 2972 802 3028 et
815 2956 1082 3028 Corinthiorum
1099 2958 1245 3053 quidem

246 3082 394 3154 ecclesia
411 3084 448 3153 in
465 3097 561 3154 recta
579 3081 650 3154 fide
666 3083 876 3181 permansit,
895 3106 1007 3179 usque
1024 3082 1070 3152 ad
1087 3083 1245 3153 Primum

245 3205 406 3300 ejusdem
425 3205 496 3277 ioci
513 3206 742 3304 episcopum,
762 3231 920 3303 quocum
941 3206 1156 3277 familiariter
1170 3207 1244 3279 col·

244 3328 385 3403 locutus
400 3355 494 3419 sum,
506 3354 618 3427 quum
630 3333 779 3402 Romam
793 3331 1012 3427 navigarem,
1028 3355 1243 3428 necpaucos

284 3537 293 3570 ¹
312 3536 430 3595 Tertuil.
452 3541 488 3593 de
506 3541 673 3613 Proscript„
689 3558 714 3594 c.
731 3558 960 3607 x1x,xx1‚xx11.

240 3629 243 3635 ’
283 3632 294 3665 ¹
312 3632 402 3691 Clem.
416 3632 500 3691 Alex.
516 3637 661 3702 Stromat„
677 3632 727 3690 lib.
747 3636 773 3704 1,
788 3652 835 3710 ap.
852 3636 971 3702 Baron.‚
989 3646 1008 3689 t.
1026 3637 1066 3706 11,
1082 3654 1111 3711 p.
1131 3636 1198 3692 393.

283 3725 419 3785 ⁸Euseb.
441 3730 516 3787 Hist.
538 3732 648 3795 eccles„
670 3725 720 3784 lib.
743 3730 793 3797 IV,
817 3746 842 3783 c.
866 3747 939 3783 xxn.
962 3726 1046 3800 (Edit.
1067 3729 1162 3786 Vates.
1177 3730 1243 3785 Μο-

245 3822 360 3899 gontia,
376 3825 478 3897 rara),
493 3843 522 3900 p.
541 3825 609 3880 aas.

284 3914 295 3948 ⁸
314 3920 359 3973 Id.
375 3917 444 3975 ibid.

284 4012 468 4094 ⁵Hegesipp.
480 4013 586 4093 fragm.
611 4016 760 4074 adealcem
776 4014 1005 4094 disceptationis,
1030 4036 1058 4092 p.
1084 4017 1137 4085 59,
1160 4014 1179 4070 Ι.
1203 4017 1240 4073 16

245 4123 274 4167 et
287 4128 346 4185 seq.
