3114 4960
702 428 895 504 ...2ss-

297 583 392 654 notis
416 583 621 672 illustravit,
643 596 679 654 et
706 579 833 653 fabulis
858 580 1021 679 proxima
1040 603 1081 650 aa
1098 572 1180 674 quae
1197 579 1293 677 apud

298 706 535 803 Hegesippum
562 704 731 801 legimns,
758 728 835 778 esse
867 717 1010 791 censet,
1036 716 1115 773 tum
1141 702 1294 798 donique

299 828 390 901 Elias
412 831 560 927 Dupin¹,
586 843 622 899 ct
650 834 689 899 L'a
714 824 874 913 Cousin',
908 825 1115 905 Eusebianae
1141 818 1293 898 historiae

216 997 223 1017 .
298 951 484 1049 interpres,
499 953 566 1022 viri
577 951 687 1047 magis
703 952 823 1023 forsan
835 949 1035 1023 eruditione
1048 949 1157 1047 quim
1170 951 1292 1046 judicii

299 1075 474 1149 modestia
491 1076 686 1175 conspicui.

347 1199 410 1271 His
452 1215 682 1271 autemnon
716 1200 848 1277 minori
893 1201 1027 1297 impetu
1067 1198 1319 1290 adversatur,

300 1338 373 1394 tota
411 1324 600 1396 christiana
635 1325 852 1422 antiquitas,
887 1348 966 1421 quae
1001 1325 1183 1397 verissime
1216 1346 1295 1397 san·

299 1447 524 1545 ctissimeque
557 1449 736 1547 scripsisse
768 1450 1037 1547 Hegesippum,
1067 1448 1176 1520 veluti
1206 1450 1295 1520 sacta

301 1576 564 1672 conspiratione
603 1588 772 1663 testatur;
804 1598 871 1644 nec
896 1573 1044 1670 allegata
1070 1576 1144 1669 jam
1174 1598 1196 1644 a
1224 1599 1296 1644 no-

299 1696 374 1788 bis,
394 1698 572 1788 'Eusehii,
602 1698 829 1794 Hieronymi,
861 1695 1051 1794 Rufinique
1080 1712 1116 1767 et
1144 1696 1294 1767 aliorum

300 1824 503 1895 testimonia
520 1846 705 1894 recensere
718 1846 863 1894 necesse
878 1837 943 1912 est,
957 1821 1013 1892 his
1029 1837 1148 1920 autem
1165 1820 1295 1892 addam

301 1948 559 2046 Epiphanium⁸
579 1948 642 2043 qui
661 1944 892 2019 certissimam
913 1944 1100 2044 Hegesippi
1121 1946 1295 2016 narratio-

300 2095 383 2142 nem
401 2070 538 2161 habuit;
558 2087 635 2143 tum
653 2076 856 2143 Romanum
873 2071 1181 2168 martyrologium*
1195 2069 1294 2166 quod

301 2194 346 2267 a‘d
364 2197 455 2266 Maii
473 2195 662 2286 kalendas,
687 2196 816 2268 eodem
841 2196 953 2267 modo
971 2221 1045 2292 quo
1067 2210 1102 2267 et
1119 2197 1175 2265 vir
1192 2212 1294 2265 sanc-

302 2335 377 2412 tus,
399 2320 522 2394 Jacohi
545 2336 698 2393 mortem
718 2321 848 2392 retulit.
918 2340 921 2347 ’

340 2589 351 2625 ¹
370 2590 415 2646 El.
431 2589 540 2668 Dupin.
557 2589 690 2647 Biblioet.
704 2592 754 2647 des
765 2603 879 2648 auteurs
892 2596 988 2649 eccles.
1001 2592 1104 2665 (Paris,
1119 2593 1220 2667 1688),
1236 2604 1256 2648 t.
1272 2595 1298 2658 I,

301 2706 331 2763 p.
353 2686 411 2757 rot
424 2698 454 2747 et
466 2703 526 2762 seq.
542 2684 589 2743 Sic
602 2697 698 2749 eutem
711 2685 858 2763 loquitur:
877 2713 892 2742 o
900 2691 941 2753 Le
955 2687 1080 2766 premier
1091 2686 1235 2766 fragment
1247 2687 1301 2745 tire

301 2779 494 2859 d'Hegesippe
508 2792 537 2839 et
556 2781 691 2860 rapporte
713 2802 766 2860 par
780 2780 892 2843 Eusehe
906 2803 944 2841 au
965 2783 1039 2842 livre
1052 2787 1092 2853 Π,
1108 2803 1242 2844 c.xxx111
1264 2781 1300 2841 de

301 2894 353 2932 son
366 2874 495 2947 histoire,
511 2875 636 2934 contient
649 2876 676 2934 la
688 2878 833 2935 narration
844 2877 884 2935 du
898 2890 1023 2955 martyre
1033 2877 1069 2936 de
1083 2877 1156 2935 saint
1165 2881 1181 2934 J
1183 2896 1298 2954 aeques,

301 2975 412 3052 eveque
423 2974 460 3035 de
471 2976 645 3050 Jerusalem
662 2977 733 3035 mais
746 2977 775 3035 la
792 2976 921 3036 maniere
934 2976 1005 3035 dont
1017 2978 1037 3035 il
1055 2978 1083 3035 le
1097 2989 1232 3055 rapporte
1246 2996 1299 3054 ap-

301 3071 408 3148 proche
429 3071 495 3149 plus
507 3070 544 3131 de
557 3071 587 3130 la
607 3071 683 3130 fable
697 3090 754 3149 que
772 3071 808 3131 de
828 3072 1005 3134 l’histoire...
1018 3076 1128 3131 Autunt
1149 3091 1207 3150 que
1226 3091 1300 3130 nous

301 3186 434 3244 pouvons
450 3167 536 3247 juger
550 3166 586 3225 de
599 3168 749 3249 l’ouvrage
769 3167 961 3249 d’Hegesippe
975 3188 1029 3251 par
1050 3189 1084 3226 ce
1098 3169 1149 3244 qui
1173 3187 1246 3226 nous
1264 3187 1301 3225 en

302 3273 387 3330 reste,
403 3260 424 3318 il
438 3261 506 3319 etait
515 3281 572 3340 peu
585 3275 677 3333 exact,
693 3276 722 3322 et
735 3264 800 3341 plus
810 3263 913 3342 rempli
927 3263 1089 3322 d'histoires
1103 3263 1203 3322 seintes
1217 3275 1246 3321 et
1259 3263 1300 3321 fa·

301 3355 435 3415 buleuscs
445 3377 502 3434 que
517 3356 553 3416 de
565 3358 726 3417 narrations
737 3358 841 3416 solides
854 3370 882 3416 et
895 3357 1078 3420 veritahles.»

341 3450 484 3510 'Cousin
505 3456 628 3510 Histoire
648 3456 855 3531 ecclesiastique
875 3453 1023 3511 d'Ensebe.
1050 3455 1180 3526 Proface,
1201 3474 1231 3533 p.
1250 3458 1297 3511 tt,

301 3546 389 3621 Cujus
403 3545 464 3604 haec
488 3560 555 3606 sunt
576 3547 683 3608 verba:
699 3549 819 3628 «Ilya
842 3549 993 3628 beaucoup
1016 3553 1033 3607 a
1055 3549 1150 3609 redire
1173 3569 1210 3607 au
1231 3549 1300 3607 reoit

302 3642 514 3723 qu'flegesippe
527 3663 545 3701 a
558 3645 609 3702 tait
621 3644 658 3703 de
678 3645 707 3703 la
729 3645 819 3704 vicet
841 3645 919 3704 dela
934 3659 1009 3704 mort
1026 3646 1063 3704 de
1078 3645 1151 3704 saint
1164 3648 1298 3721 Jacques,

302 3755 331 3799 et
353 3740 449 3818 quand
464 3737 574 3799 Eusehe
588 3741 627 3799 l’a
646 3741 740 3799 insere
755 3741 826 3799 dans
839 3761 891 3799 son
904 3741 1035 3815 histoire,
1058 3740 1076 3798 it
1092 3747 1142 3818 n'y
1155 3760 1234 3820 apes
1250 3740 1301 3798 fait

303 3849 380 3896 toute
395 3837 553 3896 l’attention
565 3837 635 3914 qu’il
647 3835 752 3896 devait.
765 3862 779 3888 ν»

341 3932 352 3968 ⁸
371 3934 476 4013 Epiph.
490 3939 615 4002 Hoems,
632 3953 752 3990 uxxvm.

236 4100 238 4103 Ι
342 4029 352 4062 ”
372 4034 486 4123 Roman.
504 4033 647 4102 martyrol.
662 4028 698 4086 ad
712 4027 788 4086 diem
804 4032 853 4085 ΡΜ
868 4028 946 4086 maii.
