3114 4960
636 424 828 493 ..45-

234 573 279 644 ad
293 571 487 643 Eleutherii
501 586 664 669 tempora
681 572 814 642 ibidem
829 573 1075 668 permansisse,
1094 587 1230 643 certum

236 713 355 794 putat3
378 713 496 768 utrum
514 721 600 767 vero
626 697 722 768 illinc
748 697 972 793 demigravit,
1000 712 1034 768 et
1061 696 1122 768 ubi
1147 698 1230 768 reli-

233 849 342 919 quam
360 823 495 918 degerit
511 823 642 911 vitam,
661 823 792 918 quidve
810 848 930 895 rerum
945 823 1106 921 (excepta
1122 822 1231 893 libro-

232 973 312 1019 rum
342 949 388 1018 de
413 947 545 1044 quibus
570 948 731 1019 dicemus
756 964 899 1046 postea,
929 949 1227 1047 conscriptione),

232 1074 435 1169 perfecerit,
455 1074 491 1143 in
511 1087 610 1144 tanta
628 1089 947 1144 monumentorum
967 1075 1116 1172 penuria
1129 1074 1229 1145 nullo

232 1197 344 1268 modo
363 1198 516 1297 reperire
533 1199 647 1296 potui.

280 1327 433 1419 Tempus
452 1348 525 1417 quo
545 1347 588 1393 ex
607 1321 675 1393 hac
697 1323 769 1392 vita
785 1323 987 1411 decesserit,
1008 1348 1051 1393 ex
1078 1323 1229 1394 Alexan-

231 1444 336 1516 drino
366 1445 573 1517 Chronico1
608 1460 834 1543 compertum
868 1446 1054 1518 hahemus.
1096 1447 1231 1520 Accidit

230 1570 404 1666 siquidem
424 1570 647 1642 beatissimus
660 1571 752 1642 illius
764 1572 896 1660 eritne,
916 1572 1112 1669 imperante
1128 1576 1231 1643 Com-

231 1694 355 1781 modo,
386 1720 481 1767 anno
513 1721 597 1768 vero
620 1711 789 1794 reparatae
808 1696 929 1767 salutis
954 1721 1080 1767 ccxxx.
1118 1698 1229 1792 Hujus

231 1818 440 1889 memoriam
465 1819 622 1890 referunt
640 1818 748 1890 latina
766 1819 1037 1915 martyrologia’
1056 1822 1103 1891 ad
1124 1824 1230 1921 septi·

230 1969 329 2015 mum
363 1944 483 2041 aprilis
516 1944 612 2015 diem
646 1944 708 2039 qui
736 1944 825 2014 forte
856 1945 965 2043 ipsius
993 1948 1118 2019 natalis
1149 1948 1225 2020 fuit.

229 2070 351 2137 Graeca
376 2090 462 2135 vero
488 2066 533 2136 de
561 2065 622 2135 tali
639 2066 715 2136 viro
745 2065 869 2163 (qnod
902 2069 1053 2165 mirere)
1079 2073 1228 2144 omnino

230 2190 346 2281 silent,
366 2189 434 2262 hac
450 2205 568 2262 tamen
580 2190 625 2261 de
638 2215 756 2278 causa,
773 2206 812 2261 ut
825 2192 973 2287 quidam
988 2197 1230 2291 suspicantur³

230 2314 330 2410 quod
346 2315 452 2410 longe
469 2314 514 2386 ab
532 2315 600 2385 illis
617 2316 860 2412 peregrinatus
879 2317 1095 2412 regionibus,
1122 2335 1229 2416 atque

229 2440 265 2509 in
282 2456 374 2510 terra
388 2439 502 2511 aliena
527 2440 996 2532 diutissime'commoratns,
1015 2467 1057 2514 ac
1075 2444 1229 2542 denique

231 2565 421 2660 (incertum
445 2564 522 2660 ubi)
550 2589 697 2662 peregre
728 2565 798 2636 vita
826 2565 986 2656 functus,
1012 2569 1147 2641 nullam
1175 2574 1228 2642 sui

233 2713 398 2759 excessus
414 2689 512 2784 apud
527 2689 622 2760 cives
636 2689 815 2785 reliquerit
829 2692 1051 2763 memoriam.

269 2893 277 2924 ¹
301 2893 400 2949 Cluen,
429 2898 516 2950 Alex.
541 2912 626 2951 anno.
648 2915 688 2949 ιν.
716 2894 1225 2971 olymp.ccxxx1x‚indic.secund.

232 3014 245 3039 «ι
264 2986 328 3046 Ἐπὶ
348 2988 440 3048 τούτου
456 2986 620 3068 (Κομμόδου)
639 2987 807 3067 Ἡγήσιππος
831 2989 987 3061 τελειοῦται,
1007 2989 1068 3070 περὶ
1088 2994 1140 3049 τῶν
1159 2994 1228 3050 ἀπο-

230 3085 332 3141 στολῶν
349 3085 471 3161 μεγάλως
486 3086 716 3167 συγγραψάμενος,
733 3088 768 3151 ὡς
780 3089 878 3165 ἱστορεῖ
890 3084 1017 3152 Emeda<
1031 3089 1185 3168 Παμφίλου.

267 3179 278 3212 ²
293 3183 369 3237 Vitoe
381 3194 470 3238 sanct.
487 3181 619 3239 Bolland.
636 3180 672 3239 ad
685 3181 762 3239 diem
776 3187 838 3240 rn‘e
855 3181 939 3260 april,

269 3274 432 3347 3ΗειΙΙοὶΧ,
461 3281 528 3334 Vita
550 3280 646 3353 script,
669 3283 764 3336 eccles.
786 3280 883 3335 orient.
904 3279 1007 3348 Duaci,
1030 3282 1120 3350 1633,
1144 3294 1163 3337 t.
1186 3285 1225 3354 11,

228 3392 257 3449 p.
280 3373 346 3429 702.

1282 1343 1414 1397 Hortisejus

1300 1402 1393 1451 tempus.
