3114 4960
727 447 920 516 ...20-

95 615 306 766 {Sffijlffl
380 598 460 668 Non
490 595 658 694 equidem
683 596 927 666 nesciussum
957 595 1149 667 Eusebium
1177 598 1213 667 in
1247 599 1328 695 ipso

95 724 159 819 ,1355
170 723 307 818 ξξζΙξξίξξξζ
333 719 572 793 ecclesiasticae
591 719 746 790 historiae
757 719 947 817 prooemio,
963 721 1096 811 testari,
1109 744 1146 791 se
1165 744 1328 792 «novam

95 830 306 937 ῗοῖζῖῗξῖηζῖἷῗ
333 844 527 942 quamdam
535 841 737 939 nulliusque
750 842 869 914 adhuc
878 844 1030 940 vestigiis
1037 844 1157 915 tritam
1170 845 1264 915 viam
1272 845 1329 915 in-

334 968 506 1044 cedere..
525 968 594 1039 nisi
611 966 711 1064 quod
730 967 895 1039 nonnulli
915 992 1035 1040 rerum
1053 994 1131 1065 quae
1149 993 1213 1040 sua
1228 982 1328 1041 aetate

333 1095 576 1190 contigerant,
593 1092 735 1189 exiguas
752 1092 925 1190 quasdam
943 1108 978 1164 et
1001 1093 1230 1191 particulares
1247 1118 1328 1165 nar·

333 1219 490 1290 rationes
507 1215 738 1313 reliquerunt,
757 1232 926 1314 tanquam
943 1217 1035 1289 faces
1053 1217 1227 1314 quasdam
1244 1219 1329 1289 emi·

334 1365 402 1411 nus
417 1340 631 1431 attollentes,
649 1355 684 1413 et
699 1341 800 1439 quasi
813 1365 834 1412 e
845 1340 987 1439 specula
1001 1339 1245 1429 inclamantes,
1259 1365 1329 1439 qua

333 1465 391 1536 via
407 1463 584 1554 incedere,
601 1479 637 1535 et
651 1463 838 1561 quomodo
854 1466 1031 1537 sermonis
1041 1489 1165 1536 curam
1178 1464 1329 1561 dirigere

337 1587 514 1660 debeat.»
540 1600 671 1685 Πρῶτοι,
684 1596 809 1685 μὲννῢν
834 1601 891 1670 τῆς
915 1593 1077 1671 ὑποθέσεως
1100 1587 1259 1670 ἐπιόάντις
1278 1588 1329 1658 οἷαί

335 1744 406 1786 τινα
422 1721 536 1810 ἐρήμην
551 1718 603 1785 καὶ
619 1711 730 1809 ἀτριόῆ
752 1716 829 1783 ἰέναι
844 1709 912 1785 ὁδὸν
930 1721 1144 1811 ἐγχειροῦμεν.
1213 1721 1254 1809 μὴ
1277 1720 1328 1784 ότι

337 1835 447 1931 (τινες)
463 1838 555 1919 ἀλλος
582 1836 684 1920 ἄλλως
709 1838 749 1908 ὧν
773 1834 929 1915 διηνόκασι
951 1842 1074 1934 χρόνων,
1101 1839 1224 1934 pepulit
1253 1847 1329 1934 ἡμῖν

335 1966 579 2033 καταλιλοίπασι
606 1958 783 2060 διηγήσεις,
812 1967 955 2063 πόρρωθεν
979 1967 1107 2061 ὡσπερεὶ
1128 1968 1251 2061 πυρσοὺς
1274 1965 1330 2047 τὰς

336 2095 450 2156 ἑαυτῶν
467 2087 702 2181 παρατείναντες
720 2088 829 2181 ρωνάς,
854 2092 906 2157 καὶ
921 2088 1030 2158 ἄνωθέν
1059 2092 1146 2159 ποθεν
1170 2096 1266 2185 ὥσπερ
1298 2086 1329 2171 ἐξ

335 2215 474 2282 ἀπόπτου
503 2214 558 2281 καὶ
577 2213 638 2281 ἀπὸ
664 2218 805 2299 σκοπιᾶς,
835 2217 959 2301 βοῶντες
986 2212 1083 2307 ἧχρῆ
1108 2208 1258 2301 βαδῖζιιν,
1280 2216 1331 2283 καὶ

337 2342 395 2414 την
414 2348 469 2406 τοῦ
496 2339 587 2433 λόγου
606 2340 728 2431 πορείαν
748 2339 890 2418 ἀπλανῶς
911 2341 965 2407 καὶ
980 2331 1142 2419 ἀκινδύνως
1160 2342 1293 2409 εὐθύνειν.

387 2460 456 2531 Sed
495 2471 749 2557 καταχρηστικῶς
785 2460 943 2556 loquitur
986 2461 1177 2547 Eusebius,
1219 2486 1330 2559 quum

339 2585 483 2658 aliunde
496 2587 573 2681 ipse
581 2583 769 2681 saepissime
780 2584 968 2682 Hegesippi
981 2586 1186 2657 testimonio
1198 2601 1328 2677 utatur,

339 2876 438 2916 cerum
459 2878 556 2918 rerum
576 2860 747 2938 epitomator
763 2858 856 2917 Julius
867 2901 875 2928 ‚
886 2871 1076 2937 cognomento
1089 2858 1256 2933 Africanus,
1272 2861 1333 2937 qui,

338 2965 409 3013 teste
423 2953 528 3025 suida,
544 2976 560 3012 e
573 2954 665 3033 Libya
677 2954 817 3013 oriundus
835 2953 898 3011 luit.
920 2957 1033 3026 Homo,
1048 2965 1080 3011 ut
1095 2973 1133 3012 ex
1150 2973 1251 3013 eorum
1271 2974 1335 3032 quae

339 3050 491 3129 scripserat
497 3071 619 3130 operum
627 3050 766 3128 reliquiis,
779 3063 838 3107 turn
849 3068 887 3107 ex
892 3047 1009 3107 Eusebii
1019 3048 1163 3126 Musisque
1171 3049 1336 3109 Chorenen·

339 3145 377 3201 sis
390 3146 553 3203 testimonio
565 3159 696 3224 apparet,
707 3146 853 3203 immensae
864 3143 1043 3213 eruditionis,
1056 3144 1106 3221 qui
1119 3145 1248 3203 omnium
1263 3164 1336 3224 pene

341 3239 470 3318 gentium
483 3239 669 3298 bibliothecas
684 3239 842 3297 evolverat.
858 3238 1013 3317 Hegesippi
1027 3239 1192 3319 exemplum
1206 3252 1334 3310 secutus,

341 3347 373 3390 ut
380 3333 439 3407 jam
454 3334 590 3408 diximus,
601 3335 630 3393 in
644 3334 793 3393 Palaestina
805 3333 949 3412 praecipue
964 3333 1039 3393 lares
1050 3335 1122 3395 lixit.
1135 3339 1163 3393 Is
1175 3335 1229 3393 fuit
1242 3349 1337 3394 autem

340 3429 402 3502 ejus
415 3431 481 3489 vitae
494 3430 641 3511 splendor,
663 3443 695 3489 ut
707 3430 813 3488 civium
833 3449 951 3488 suorum
965 3429 1123 3509 (Nicopoli,
1139 3450 1202 3507 quae
1220 3432 1337 3509 antiquo

341 3527 457 3586 nomine
470 3531 606 3586 Emmaiis
619 3540 692 3601 erat,
707 3525 948 3601 commorabatur)
962 3526 1105 3606 suffragiis
1118 3526 1174 3605 ipsi
1184 3527 1288 3607 legatio
1301 3526 1339 3585 ad

340 3623 519 3681 Antoninum
544 3623 763 3704 Heliogabalum
792 3622 1013 3693 decerneretur,
1036 3621 1125 3678 immo
1148 3622 1172 3680 si
1197 3621 1339 3695 Ebedjesu

342 3717 463 3779 Sobensi
477 3717 547 3777 fides
561 3719 596 3777 sit
605 3718 788 3778 concedenda
797 3762 806 3791 ,
816 3717 892 3775 illius
901 3715 980 3774 urbis
990 3716 1140 3794 episcopus
1151 3716 1245 3776 suerit.
1260 3717 1339 3776 Scri-

342 3815 399 3893 psit
411 3827 506 3873 autem
517 3813 781 3895 chronographiam
795 3813 832 3872 ab
844 3812 915 3872 orbe
927 3812 1043 3871 condito
1056 3832 1148 3889 usque
1157 3812 1193 3869 ad
1202 3832 1255 3871 sua
1264 3825 1339 3871 tem·

342 3930 425 3989 pora,
444 3923 472 3968 et
490 3929 563 3988 opus
582 3910 748 3990 inscriptum
769 3908 883 3980 Κέστοι,
901 3908 1021 3986 quibus,
1036 3921 1068 3968 ut
1080 3909 1255 3988 gravissimis
1272 3928 1340 3968 auc·

345 4006 453 4065 toribus
471 4006 564 4065 visum
579 4019 633 4076 est,
649 4005 806 4084 praestigias
825 4017 853 4063 et
869 4004 1095 4083 superstitiones,
1107 4004 1193 4062 nimis
1205 4005 1340 4064 credulus

343 4105 474 4163 intexuit.
