3114 4960
633 429 803 498 ..3-

221 583 433 679 scriptorum
447 579 649 652 testimonio
665 579 1099 678 absonareprebendunt,·
1108 597 1217 680 utque

221 705 316 803 apud
334 705 562 777 illoslraudis
584 729 658 775 non
680 719 892 801 arguuntur,
906 719 980 775 tum
1001 707 1218 805 Hegesippus

220 830 659 919 vir,sanctissimus‚.tum
684 828 856 900 Eusebius
876 831 970 928 ipse,
993 833 1040 902 ita
1063 833 1217 904 creduli·

219 955 300 1026 tatis
319 956 454 1025 crimen
474 978 547 1025 non
562 953 797 1049 effugerunt„
1153 1008 1157 1017 .
1204 1004 1208 1015 .

269 1083 404 1151 Verum
428 1078 515 1150 dum
540 1078 716 1176 losephus
743 1079 910 1175 Scaliger,
939 1080 993 1152 El,
1013 1084 1151 1179 Dupiu,
1175 1087 1214 1154 L.

220 1203 367 1290 Cousin,
384 1207 669 1300 Havercampus,
689 1227 817 1299 magna
832 1205 898 1275 viri
912 1206 1139 1296 auctoritate,
1154 1207 1218 1278 sed

221 1327 355 1422 majore
377 1327 579 1425 supercilio,
605 1325 716 1398 multa
739 1326 776 1396 in
802 1328 991 1426 Hegesippi
1015 1329 1218 1423 fragmentis

221 1466 346 1524 notant
363 1466 398 1523 et
417 1466 585 1549 carpunt,
606 1475 648 1522 ex
667 1452 819 1547 antiquis
835 1453 1073 1550 Epiphanius,
1093 1455 1219 1526 Hiero-

219 1601 362 1672 nymus,
382 1575 543 1666 Rufinus,
558 1580 792 1665 sozomenus,
809 1579 1098 1650 erecentioribus
1115 1604 1215 1666 vero,

221 1701 404 1790 Baronius,
425 1700 606 1789 Cellerius‚
627 1700 798 1790 Valesius,
821 1705 859 1772 P.
879 1701 1030 1790 Halloix‚
1046 1704 1219 1777 Dodwel·

220 1823 288 1910 lus,
307 1825 531 1914 Pearsonius,
554 1839 589 1895 et
604 1824 705 1894 multi
722 1823 781 1894 alii
797 1848 871 1893 non
889 1826 1081 1922 spernendi
1098 1828 1219 1898 nomi-

222 1949 289 2036 nis,
309 1946 475 2019 laudibus
488 1947 783 2044 Hegesippianam
798 1946 981 2018 historiam
996 1949 1179 2021 extollunt.

270 2076 365 2141 Inter
382 2068 458 2140 illas
474 2070 579 2166 igitur
595 2069 712 2142 dubiae
727 2071 930 2167 quaestionis
946 2071 1126 2170 ambages,
1144 2099 1217 2146 non

224 2194 317 2266 male
335 2193 381 2266 de
398 2193 595 2266 christianis
613 2194 737 2266 litteris
754 2195 944 2266 meriturus
960 2196 1048 2268 mihi
1062 2198 1216 2291 videtur,

222 2321 283 2416 qui
295 2319 405 2417 possit
417 2318 558 2391 efficere
573 2334 612 2391 ut
626 2319 745 2390 recisis
756 2318 836 2407 illis,
853 2318 948 2390 velut
962 2320 1072 2417 spinis
1086 2335 1120 2392 et
1134 2346 1221 2393 sen-

221 2442 314 2514 tibus
335 2467 414 2540 quae
439 2441 681 2515 ecclesiasticae
698 2442 852 2514 historiae
874 2441 1011 2513 aditum
1035 2442 1221 2517 obstruxe-

220 2583 324 2657 rant,
359 2592 455 2638 novo
487 2567 647 2664 quodam
671 2566 805 2638 lumine
837 2568 1021 2639 veritatem
1054 2569 1216 2642 illustret.

222 2697 265 2763 Et
297 2692 384 2762 mihi
412 2690 558 2788 quidem
584 2692 742 2788 primum
770 2691 882 2762 luerat
910 2693 1050 2765 animus
1076 2693 1220 2766 illorum

222 2819 385 2888 omnium
402 2816 464 2913 qui
481 2830 564 2887 ante
580 2815 784 2904 Eusebium,
803 2841 860 2886 res
877 2817 1031 2888 ecclesiae
1047 2843 1113 2888 suo
1132 2833 1220 2889 tem·

221 2966 310 3039 pore
347 2955 479 3037 gestas,
507 2938 631 3010 litteris
672 2928 843 3010 mandare
878 2939 1019 3009 lucrant
1048 2943 1217 3036 aggressi,

138 3132 140 3136 .
222 3068 370 3164 scripta,
391 3066 419 3138 si
436 3090 514 3162 quae
529 3077 766 3163 superessent,
792 3065 829 3134 in
853 3089 1001 3135 examen
1020 3089 1160 3156 vocare,
1186 3081 1221 3138 et

223 3191 367 3262 illorum
383 3189 491 3260 fidem
512 3188 751 3287 perpendere;
773 3187 836 3260 sed
854 3202 889 3259 et
910 3189 1002 3260 vires
1019 3214 1116 3262 meas
1132 3215 1220 3263 con·

222 3316 337 3386 sulere
357 3315 516 3412 oportuit
541 3329 640 3386 tanto
658 3315 760 3386 oneri
782 3314 948 3411 impares,
971 3329 1005 3385 et
1025 3316 1116 3387 intra
1138 3315 1220 3388 bre·

225 3442 340 3512 viores
357 3439 508 3527 limites,
532 3439 742 3512 academicae
759 3438 990 3535 disputationi
1006 3440 1219 3512 destinatum

222 3589 327 3662 opus,
348 3588 488 3660 cogere.

272 3687 455 3785 Quidquid
481 3686 585 3782 igitur
610 3685 655 3756 de
681 3686 868 3785 Hegesippi
898 3688 967 3758 vita
994 3701 1029 3758 et
1053 3688 1221 3787 operibus
1246 3706 1460 3804 llssssffil,5¹{,‘,⁰,⁰,fif¹‘

224 3828 361 3884 veteres
387 3811 584 3894 tradidere,
608 3836 683 3882 non
707 3811 830 3883 leviter
852 3826 1132 3885 transcurrentes
1156 3815 1220 3887 sed

225 3937 367 4036 penitus
389 3937 691 4035 introspicientes,
708 3951 883 4034 quantum
902 3936 984 4008 lidei
1001 3936 1131 4009 babeat
1147 3952 1220 4009 stu-

225 4059 327 4131 diose
343 4060 591 4133 scrutabimur.
613 4065 716 4131 Hunc
734 4063 902 4132 antemio
921 4075 1042 4133 nostra
1056 4061 1219 4159 disquisi-
