3114 4960
717 418 912 489 -30-

319 600 337 639 u
356 572 399 643 iis
417 568 658 658 crediderunt,
673 566 794 640 Jacobi
809 591 917 666 opera
930 563 1179 639 ao'minisrerio
1191 566 1313 662 utique

318 723 337 762 u
356 693 597 767 crediderunt.
614 695 734 778 Quum
753 716 838 788 ergo
855 689 957 761 mulli
973 714 1017 762 ex
1028 690 1112 787 ipsis
1121 689 1224 763 etiam
1239 691 1312 788 pri·

318 846 336 886 u
356 816 517 891 moribus
525 814 724 905 crederent,
744 814 949 886 tumultuari
961 827 1145 913 coeperunt
1155 814 1266 885 Judaei
1275 828 1313 885 et

318 970 335 1010 u
357 938 480 1015 scribae
491 963 533 1010 ac
545 937 726 1029 Pharisaei3
741 963 785 1011 eo
793 938 867 1034 jam
877 953 1023 1010 ventum
1034 961 1110 1009 esse
1120 935 1312 1009 clamantes

318 1090 336 1129 u
357 1078 396 1134 ut
416 1084 529 1161 prope
550 1063 668 1137 omnis
688 1060 845 1160 populus
868 1065 988 1133 lesum
1011 1060 1112 1157 quasi
1133 1058 1312 1132 Christum

318 1217 336 1256 u
358 1202 588 1283 exspectaret.
599 1186 754 1261 Proinde
764 1188 800 1258 in
809 1206 923 1257 unum
931 1183 1312 1281 congregafilacobum

319 1341 337 1381 u
358 1311 626 1410 adeunlhisque
634 1326 716 1384 eum
726 1309 843 1385 verbis
851 1308 1079 1406 compellant„
1095 1337 1114 1381 u
1121 1313 1315 1381 Hortamur

318 1464 336 1506 u
358 1452 405 1525 te,
426 1437 606 1534 inquiunt,
625 1451 664 1508 ut
685 1434 810 1534 populi
827 1434 1233 1532 erroremcomprimas,
1252 1434 1314 1529 qui

319 1587 337 1624 u
360 1557 484 1639 salsam
501 1560 547 1633 de
563 1563 645 1632 Jesu
659 1561 869 1657 opinionem
885 1557 1039 1647 imbibit,
1053 1558 1316 1655 perindequasi

319 1712 338 1750 u
358 1683 518 1756 Christus
530 1698 633 1757 esset.
654 1683 831 1757 Persuade
847 1684 954 1780 igitur
964 1682 1132 1756 omnibus
1149 1684 1210 1779 qui
1226 1683 1313 1755 festo

317 1838 335 1876 u
347 1808 498 1881 Paschae
511 1807 569 1881 die
584 1808 656 1885 huc
664 1810 896 1898 conveniunt,
914 1822 952 1878 ut
963 1807 1009 1880 de
1022 1811 1105 1879 Jesu
1121 1820 1217 1880 recte
1232 1831 1311 1879 sen·

319 1962 336 2000 u
358 1933 460 2023 tiant,
479 1931 543 2005 ubi
565 1935 663 2006 enim
690 1957 816 2006 omnes
839 1931 948 2005 fidem
972 1932 1158 2023 habemus,
1176 1947 1312 2004 etcum

319 2058 525 2133 «universo
550 2057 685 2157 populo
703 2057 774 2131 hoc
795 2057 859 2129 ubi
880 2058 1123 2130 testimonium
1146 2057 1312 2156 perhihe-

318 2209 335 2249 ι(
358 2202 454 2271 mus,
471 2180 705 2276 justissimum
720 2195 756 2250 te
770 2179 883 2253 virum
898 2204 991 2266 esse,
1007 2205 1074 2253 nec
1087 2180 1199 2252 ullum
1217 2180 1313 2279 apud

318 2334 336 2373 u
356 2321 393 2377 te
411 2329 644 2404 personarum
666 2304 856 2377 discrimen
881 2303 1010 2377 valere.
1041 2305 1195 2378 Proinde
1217 2304 1313 2403 plebi

318 2459 335 2497 u
358 2430 546 2527 persuade,
563 2453 608 2500 ne
624 2428 717 2500 circa
734 2432 854 2500 lesum
872 2428 1041 2528 deinceps
1057 2429 1214 2519 aberret9
1229 2453 1313 2502 narn

318 2582 336 2620 u
356 2568 391 2624 et
408 2553 594 2627 universus
608 2552 763 2650 populus
781 2567 817 2624 et
836 2577 903 2626 nos
921 2553 1074 2627 libenter
1093 2554 1157 2626 tibi
1173 2554 1312 2627 obtem·

318 2703 335 2742 u
357 2698 536 2773 peramus.
557 2674 717 2748 Ascende
737 2677 844 2773 igitur
856 2677 892 2748 in
915 2677 1089 2775 fastigium
1108 2679 1252 2778 templi;
1274 2694 1315 2749 ut

318 2829 335 2867 u
356 2801 392 2870 in
411 2798 554 2871 sublimi
578 2797 660 2870 loco
677 2800 827 2897 positus,
850 2801 897 2873 ab
914 2801 1260 2901 omnibusconspici
1278 2818 1313 2874 et

317 2956 335 2994 ι(
354 2925 513 3001 exaudiri
531 2924 631 2997 facile
648 2925 773 3023 possis.
790 2930 881 2998 Nam
897 2927 1074 3002 Paschalis
1082 2927 1314 3000 solemnitatis

318 3078 336 3120 u
356 3051 484 3148 gratia,
503 3064 638 3131 cunctae
664 3049 869 3129 ludaeorum
888 3050 1000 3123 trihus
1023 3062 1121 3123 etex
1150 3050 1313 3147 gentibus

317 3205 335 3243 ι(
355 3198 429 3245 non
442 3175 546 3271 pauci
556 3173 629 3244 huc
644 3189 902 3247 convenerunt.
918 3202 935 3242 u
956 3174 1113 3249 Poslhaec
1122 3174 1313 3272 supradicti

318 3329 337 3366 u
357 3297 479 3371 scribae
491 3312 527 3368 et
540 3296 705 3369 Pharisaei
718 3323 831 3394 quum
840 3299 1062 3373 lacobumin
1074 3299 1211 3395 fastigio
1221 3314 1312 3371 tem·

319 3452 336 3490 u
356 3422 407 3521 pli
430 3421 683 3511 collocassent,
702 3437 870 3495 contenta
890 3447 979 3495 voce
1004 3424 1055 3496 sic
1075 3449 1157 3496 eum
1181 3424 1312 3521 alloqui

318 3578 337 3617 u
355 3564 560 3645 coeperuntz
575 3577 592 3616 κ
604 3551 637 3619 0
644 3547 737 3644 juste
745 3549 802 3618 cui
812 3573 879 3619 nos
891 3548 1131 3621 omnesfidem
1144 3549 1313 3621 adhibere

318 3705 336 3742 u
355 3687 488 3772 purast,
499 3672 791 3770 quandoquidem
799 3672 954 3772 populus
962 3674 1078 3745 omnis
1085 3679 1311 3763 errat‚Jesum

318 3830 335 3867 u
356 3815 494 3871 sectans
506 3796 726 3888 crucifixum,
738 3797 906 3870 ducenos
918 3798 1018 3895 quod
1030 3800 1073 3871 sit
1088 3800 1218 3870 ostium
1231 3803 1311 3869 Jesu

319 3955 335 3992 u
356 3922 471 3995 suffixi
481 3922 615 3993 cruci.»
624 3927 722 3994 Tunc
733 3921 885 3994 Jacobus
898 3923 990 3995 edita
1005 3947 1095 3994 voce
1109 3924 1150 3993 iis
1161 3947 1312 4021 respou-

318 4079 334 4115 α
351 4048 419 4120 dit:
435 4078 452 4118 u
461 4048 556 4136 Quid
569 4072 639 4137 me,
653 4047 1013 4144 inqui1‚interrogatis
1022 4046 1156 4120 deJesu
1168 4047 1241 4119 filio
1250 4048 1315 4118 ho·
