3114 4960
644 451 842 521 ..44-

246 603 375 675 rationi
395 625 514 698 neque
539 601 813 698 dautes‚'neque
832 602 980 673 omnino
1007 602 1242 698 denegantes,

247 723 400 796 aliorum
418 737 604 796 auctorum
618 724 828 813 testimoniis
840 749 961 796 carere
975 725 1152 814 dolemus,
1167 751 1246 823 quae

247 846 303 917 vel
320 848 432 945 aperti
454 846 583 919 erroris
602 847 657 918 vel
678 848 872 945 perspicuae
891 849 1045 920 veritatis
1067 849 1247 948 praebeant

246 970 392 1044 indicia.

298 1095 495 1170 Fatendum
506 1096 626 1183 ctiam,
638 1095 738 1192 quod
747 1095 843 1168 salva
852 1097 1249 1193 antiquissimiauctoris

250 1218 356 1309 lama,
371 1218 533 1309 dixerim,
554 1222 710 1309 Petavio,
729 1223 765 1290 P.
787 1219 937 1307 Halloix,
952 1221 1157 1318 caeterisque
1174 1221 1248 1293 iere

250 1359 426 1441 quotquot
437 1359 520 1417 sunt
529 1345 717 1444 Hegesippi
727 1345 900 1443 patronis,
915 1345 1117 1417 fabulosum
1124 1348 1247 1418 nescio

249 1480 358 1566 quem
373 1469 512 1542 vultum
536 1470 649 1541 videri
668 1469 904 1568 praeseferre
925 1495 1071 1542 omnem
1088 1470 1185 1543 illam
1204 1472 1250 1544 de

250 1594 373 1667 Jacobi
391 1610 508 1667 morte
526 1596 781 1668 narrationem.
804 1595 895 1667 lllud
915 1611 1034 1668 autem
1056 1620 1131 1667 non
1149 1595 1250 1668 aliter

250 1721 409 1792 evenisse
424 1745 568 1811 censeo,
587 1746 697 1823 quam
712 1721 813 1819 quod
828 1723 904 1820 ipse
929 1721 1031 1812 omli,
1061 1736 1100 1793 ut
1127 1723 1248 1813 aiunt,

251 1843 441 1917 traditione
457 1861 571 1919 totam
585 1846 679 1917 hanc
690 1846 876 1917 historiam
893 1847 1084 1944 excipiens,
1105 1848 1142 1919 in
1160 1847 1251 1918 mul·

249 1970 309 2059 tis,
329 1986 368 2042 nt
383 1995 463 2042 mos
478 1985 544 2059 est,
560 1970 656 2042 varie
670 1970 861 2067 depictam,
883 1971 1006 2044 litteris
1023 1972 1218 2046 mandavit.

300 2093 371 2164 Sed
396 2108 432 2164 et
461 2093 528 2166 alia
549 2110 633 2165 sunt
653 2093 783 2191 quibus
804 2093 914 2167 fidem
941 2095 1083 2183 difficile
1105 2096 1252 2168 adhibe·

252 2216 389 2288 bimus:
408 2243 576 2319 nempe«
594 2218 638 2290 de
652 2219 784 2291 Christi
804 2218 953 2290 adventu
965 2220 1168 2317 perindeac
1180 2227 1249 2293 He·

253 2340 372 2412 rodem
387 2340 455 2414 sibi
463 2346 708 2415 Domitianum
726 2348 918 2414 metuisse¹.
931 2344 1012 2415 Scio
1024 2343 1192 2441 equidem
1203 2345 1249 2417 ab

252 2466 427 2537 Eusebio'
455 2469 636 2541 memoriae
658 2468 842 2566 proditum
864 2492 964 2557 esse,
993 2469 1251 2567 Vespasianum

253 2589 422 2662 adversus
448 2591 593 2663 Daridis
627 2608 790 2691 posteros
820 2593 1061 2689 gravissimam
1084 2617 1249 2691 persecu-

252 2716 388 2787 tionem
402 2717 568 2795 movisse,
588 2715 665 2802 sed,
684 2730 724 2786 ut
735 2718 812 2813 ipse
830 2715 1003 2787 Eusebius
1016 2717 1077 2806 ait,
1094 2715 1174 2787 illos
1191 2739 1252 2786 ca-

253 2838 326 2934 pite
348 2836 510 2909 damnari
527 2838 647 2934 jussit,
671 2839 925 2934 nequisquam
951 2838 1047 2935 apud
1074 2839 1214 2909 Judaeos
1234 2865 1253 2908 e

253 2964 350 3059 regia
365 2962 462 3036 trihu
474 2978 685 3062 superesset,
706 2963 863 3060 indeque
882 2961 1124 3033 tumultuandi
1140 2986 1182 3033 ac
1199 2987 1253 3033 re·

253 3086 410 3159 bellandi
424 3089 650 3160 occasionem
664 3087 775 3160 Judaei
791 3087 1000 3185 arriperent.

1319 2124 1349 2163 be
1367 2120 1449 2163 Christi

1291 2174 1387 2217 adventu
1411 2185 1477 2228 quem

1278 2228 1390 2270 metuebat
1418 2227 1491 2270 Domi-

1342 2281 1424 2323 tiauus.

303 3211 399 3298 Quid
434 3236 519 3283 vero
553 3210 619 3283 sibi
649 3212 694 3283 de
729 3211 857 3284 Christi
887 3212 1041 3283 adventu
1080 3225 1253 3283 metueret
1355 3250 1357 3257 1

255 3336 503 3408 Domitianus?
529 3341 656 3410 Nonne
678 3337 848 3408 Divinum
875 3339 1100 3408 servatorem
1124 3336 1253 3408 Tiberii

255 3462 399 3533 Caesaris
422 3463 643 3561 temporibus
665 3464 762 3534 cruci
779 3462 945 3552 affixum,
967 3463 1051 3560 ipsae
1069 3462 1178 3534 Pilati
1192 3463 1255 3533 lit-

257 3601 357 3674 tcrae,
377 3610 456 3683 quae
476 3585 629 3684 publicis
653 3588 812 3673 inerant,
838 3600 983 3657 auctore
1000 3585 1216 3656 Tertulliano
1228 3589 1250 3672 ³,

256 3727 398 3784 senatus
413 3710 584 3795 archivis,
605 3710 835 3783 testabantur.
855 3709 951 3796 Quid
967 3712 1058 3782 inter
1074 3708 1252 3783 Herodem

177 3940 180 3945 '
298 3932 304 3964 ¹
327 3932 390 3990 Vid.
408 3933 474 3993 infr.
488 3977 496 4002 ,
512 3955 541 4012 p.
561 3937 611 4006 ut,
626 3932 677 3993 lib.
694 3938 707 3990 I
721 3945 750 3990 et
762 3935 801 3990 ΙΙ.

229 4030 233 4043 ’
297 4029 307 4060 ²
326 4028 431 4089 Euseb.
448 4032 521 4091 Hire.
539 4034 652 4097 eccles„
670 4028 719 4087 lib.
736 4032 796 4099 111,
810 4049 835 4086 c.
851 4049 893 4085 xu
903 4073 911 4099 ‚
927 4049 957 4105 p.
972 4031 1022 4089 87,

298 4123 308 4156 ³
326 4125 443 4183 Tertull.
462 4128 604 4204 Apologct‘.
613 4147 665 4195 sc.
683 4147 748 4195 xxr,
766 4144 812 4200 ap.
829 4125 951 4193 Celleru,
969 4136 989 4182 t.
1007 4129 1038 4196 Ι,
1054 4144 1082 4201 p.
1103 4126 1173 4180 495.
