3114 4960
711 420 906 493 ..42-

311 593 434 666 magos
459 570 705 669 accipientem,
726 570 771 642 de
793 594 877 668 rege
901 594 998 643 novo
1022 569 1224 641 Judaeuruur
1251 571 1308 640 in·

312 710 529 792 terrogantes
552 711 587 769 et
615 696 859 768 Domitianum
883 698 992 767 totius
1015 695 1153 794 imperii
1179 695 1307 766 Domi-

310 844 411 907 num,
426 825 742 918 Romanorumque
760 821 1080 920 principem,apud
1094 843 1305 919 quosquam

310 944 396 1016 viles
409 944 538 1016 Christi
551 945 726 1044 discipuli,
743 970 851 1017 nemo
864 947 989 1043 estqui
1001 947 1153 1018 nesciat:
1171 975 1189 1013 a
1199 970 1302 1042 quos,

312 1098 330 1137 o
352 1084 390 1142 ut
406 1069 515 1141 Taciti
529 1069 645 1142 verbis
660 1075 771 1160 utar¹,
791 1094 856 1168 per
871 1069 1001 1167 flagitia
1014 1071 1161 1160 invisos,
1182 1070 1306 1168 vulgus

312 1193 560 1271 «christianos
582 1192 795 1293 appellabat,
817 1218 975 1292 quorum
997 1209 1123 1267 auctor
1148 1193 1308 1267 Christus

312 1344 330 1385 u
348 1314 488 1388 Tiberio
503 1316 741 1413 imperitante,
760 1342 825 1417 per
844 1331 1113 1416 procuratorem
1139 1317 1307 1393 Pontium

312 1436 503 1511 «Pilatum
534 1438 710 1536 supplicio
741 1438 886 1515 affectus
915 1455 1002 1511 erat.
1017 1468 1036 1508 u
1065 1438 1169 1511 Unde
1201 1439 1307 1534 igitur

309 1560 515 1634 Domitiano
536 1560 583 1633 de
605 1560 734 1633 Christi
757 1561 913 1635 adventu
935 1564 1053 1635 timor.
1081 1567 1208 1634 Nonne
1231 1563 1306 1634 hacc

309 1685 452 1767 omnia,
484 1709 761 1759 arnmanorum
791 1686 916 1761 studiis
943 1688 1085 1785 penitus
1109 1687 1223 1760 aliena
1252 1689 1305 1758 vi·

308 1807 483 1885 deantur?

232 2021 251 2052 m
357 1936 430 2007 Nec
445 1936 556 2032 magis
573 1934 659 2009 mihi
676 1934 804 2035 placet,
823 1936 923 2033 quod
938 1936 975 2007 in
994 1935 1055 2007 itta
1071 1936 1117 2007 dc
1131 1935 1307 2008 Simeonis

308 2056 475 2157 Cleophae
491 2061 661 2157 martyrio
679 2070 772 2157 ῥήσει,
785 2061 851 2132 ait’
862 2061 917 2132 vir
932 2076 1075 2133 sanctus
1087 2089 1095 2132 z
1109 2076 1172 2134 «ot
1184 2060 1305 2132 Eocie·

308 2182 397 2259 siam
424 2183 571 2282 quidem
595 2184 768 2258 hacteuus
790 2185 970 2259 vocabant
994 2188 1182 2285 virginem,
1207 2185 1305 2283 quod

308 2308 408 2385 ranis
419 2309 644 2383 sermonibus
657 2309 821 2384 nondum
839 2326 1006 2409 corrupta
1019 2311 1145 2383 fuerat.
1169 2311 1305 2381 Primus

307 2430 476 2507 Thebutis
491 2431 637 2529 indigne
654 2433 770 2505 ferens
783 2434 882 2531 quod
895 2435 1041 2507 minime
1055 2450 1195 2507 creatus
1215 2448 1306 2506 esset

309 2555 511 2655 episcopus,
532 2582 612 2629 eam
629 2556 768 2629 occulte
785 2559 907 2630 vitiare
917 2583 1100 2656 aggressus
1116 2573 1216 2630 estu

357 2687 439 2754 Haec
455 2683 552 2757 enim
565 2683 612 2755 ad
627 2683 767 2778 Trajani
783 2683 839 2756 vel
853 2684 899 2756 ad
917 2708 1099 2755 summum
1112 2684 1157 2756 ad
1175 2689 1303 2783 Vespa·

307 2808 395 2878 siani
416 2821 578 2906 tempora
595 2808 701 2879 refert
717 2809 948 2907 Hegesippus.
966 2809 1054 2896 Quis
1068 2833 1154 2881 vero
1171 2810 1305 2881 nesciat

309 2933 393 3031 ipsis
406 2935 652 3032 apostotorum
671 2934 798 3006 diebus
806 2942 947 3032 αἱρέσεων
957 2950 1121 3008 auctores
1132 2935 1306 3006 extitisse?

309 3059 622 3158 Locupletissimos
638 3058 745 3156 hujus
765 3062 816 3131 rei
839 3059 946 3131 simul
966 3062 1001 3131 ct
1026 3061 1176 3131 invictos
1200 3075 1305 3131 testes

308 3181 494 3270 habemus,
503 3185 906 3281 praeterHioronymnm,
916 3185 1047 3282 quiait:
1061 3183 1304 3282 ‹radhucapud

308 3307 465 3380 Judaeam
484 3306 613 3380 Christi
637 3310 808 3405 sanguine
824 3310 974 3397 recenti,
994 3310 1203 3407 phantasma
1231 3314 1303 3379 Do·

309 3432 398 3503 mini
414 3455 545 3532 corpus
568 3448 741 3506 assertum
768 3434 903 3523 fuisse⁸‚
926 3463 943 3501 n
973 3435 1070 3534 ipsos
1095 3435 1304 3531 evangelicae

308 3556 479 3628 doctrinae
491 3583 684 3656 praecones.
695 3564 741 3629 Ut
750 3559 845 3631 euim
860 3559 1043 3630 Simonem
1050 3558 1149 3630 illum
1159 3583 1303 3655 magum

308 3683 471 3754 omnium
485 3681 723 3756 hereticorum
736 3684 1006 3779 antesignanum
1019 3682 1155 3773 sileam,
1168 3683 1214 3756 de
1228 3683 1308 3755 aliis

349 3904 356 3936 ¹
377 3902 464 3964 Tacit.
481 3905 586 3959 Annal.
595 3944 605 3971 ,
619 3900 669 3963 tib.
685 3906 749 3973 XV,
765 3921 883 3962 c.xn1v.

349 3998 359 4031 ²
378 3998 442 4058 Vid.
455 3998 541 4069 infr„
556 4020 585 4077 p.
604 3998 653 4056 98.

347 4092 358 4127 ³
379 4094 496 4155 Hieron.
514 4098 621 4152 advers.
636 4091 827 4169 Lucisen'crn„
843 4092 892 4153 tib.
908 4093 939 4152 in
952 4093 1048 4152 finem.
