3114 4960
622 459 816 531 -39-

220 631 260 689 ut
281 616 461 689 acerrimis
482 615 588 689 etism
610 615 799 712 Hegesippi
818 613 978 711 petronis
1002 604 1117 687 visum
1135 626 1207 685 est.

266 736 417 811 Fatebor
433 737 537 834 igitur
548 736 635 811 mihi
648 736 825 813 absonum
839 734 964 826 videri,
983 734 1083 833 quod
1097 734 1143 807 de
1159 738 1214 806 ls-
1253 769 1365 814 sessu
1372 768 1446 822 cippo.

217 863 300 937 cohi
323 865 438 963 Cippo
454 861 628 960 usquead
651 861 840 960 Hegesippi
861 875 1025 960 tempora
1045 876 1212 935 manente

216 986 285 1063 sub
298 986 407 1061 finem
417 986 582 1066 secundae
594 994 705 1083 ῥήσεως
720 985 869 1082 legitur.
883 989 974 1061 Nam
990 998 1026 1055 et
1041 983 1127 1059 urbs
1139 997 1213 1061 lota

214 1136 238 1185 a
257 1111 426 1186 Romanis
438 1111 513 1208 jam
534 1111 596 1187 diu
613 1111 728 1189 fuerat
748 1110 882 1200 excisa,
907 1123 942 1183 et
958 1107 1072 1183 multo
1093 1108 1212 1181 minus

212 1235 314 1330 juxta
330 1235 533 1315 ludaeorum
549 1235 725 1334 templum
736 1235 798 1311 ubi
809 1235 948 1311 occisus
964 1233 1029 1309 fuit
1041 1232 1209 1322 lacobus,

216 1359 426 1437 remansisse
434 1359 512 1456 ejus
522 1357 700 1433 tumulum
711 1358 812 1433 facile
822 1355 1050 1447 crediderim,
1061 1381 1159 1448 nam,
1175 1373 1215 1430 ut

215 1483 265 1557 sit
276 1483 449 1573 Valesius,
473 1482 511 1557 iu
528 1482 737 1559 Eusehisuis
749 1482 1131 1573 animadversionibus,
1149 1487 1215 1554 Ju-

214 1606 283 1689 daei
293 1632 446 1707 corpora
459 1607 665 1683 condebant
676 1608 927 1699 extraurbem,
937 1623 976 1683 ut
988 1607 1215 1705 colligereest

214 1747 293 1804 tum
316 1756 360 1811 ex
376 1733 582 1831 Evangelio,
605 1748 680 1807 tum
699 1758 743 1811 ex
758 1733 924 1832 sepulcro
939 1733 1084 1811 Helenae
1105 1733 1213 1806 Adis-

212 1857 394 1937 benorum
416 1861 569 1957 reginae⁸.
586 1858 711 1933 lsthaec
726 1858 773 1935 de
788 1856 912 1933 lambi
925 1856 1106 1956 sepultura
1123 1861 1213 1933 Gra·

93 2002 97 2006 ·
213 1982 286 2057 bi0³
306 2004 452 2080 quoque
471 2005 558 2055 vero
581 1981 756 2059 absimilia
771 1982 959 2072 ridentur,
978 1983 1045 2059 uisi
1062 1982 1107 2058 sit
1122 1981 1215 2059 forte

212 2106 431 2196 dicendum,
445 2105 665 2183 Christianos
673 2105 855 2204 aliquanto
860 2121 941 2205 post
955 2106 1208 2202 Hierosolymi-

214 2247 340 2303 umum
358 2232 549 2322 excidium,
564 2230 615 2303 ibi
630 2229 754 2305 lseobi
769 2254 901 2329 corpus
915 2229 1130 2326 sepelivisse,
1152 2230 1214 2301 ubi

214 2355 384 2452 martyrio
402 2354 613 2434 defunctum
630 2369 718 2435 erat·
737 2354 807 2434 Sed
829 2354 906 2429 haec
924 2354 1146 2453 Hegesippus
1161 2355 1213 2456 sie

212 2479 361 2577 intelligi
377 2505 452 2555 non
469 2482 612 2579 patitur.

262 2606 335 2674 Nec
351 2603 462 2700 magis
474 2602 577 2677 faveo
589 2603 804 2683 Tillemontii
814 2607 825 2643 ⁸
837 2603 1062 2700 conjecture,
1079 2603 1138 2676 cui
1156 2629 1213 2677 res

213 2729 306 2799 iluse
316 2726 450 2803 habere
462 2727 616 2816 videtur,
629 2742 668 2805 ut
677 2752 790 2824 quum
804 2730 909 2805 situm
923 2728 1027 2801 luerit
1038 2729 1212 2826 templum

212 2850 259 2925 ad
276 2866 475 2929 extremum
495 2850 643 2926 limitem
667 2850 765 2929 urbis
784 2866 820 2927 et
840 2850 963 2927 abillo
987 2853 1095 2927 latere
1112 2857 1211 2929 tosa·

212 2976 312 3075 phari
335 2975 417 3049 valli
435 2977 731 3074 superemineret,
759 3001 802 3051 ex
826 2975 894 3049 hac
914 2991 1015 3075 parte
1038 2977 1207 3073 dejectus,

213 3100 319 3175 luisse
343 3100 510 3177 credatur
534 3099 730 3198 apostolus,
750 3115 858 3197 utque
875 3097 1010 3175 idcirco
1032 3114 1128 3172 extra
1155 3124 1213 3175 ur-

212 3221 296 3294 bem
327 3237 363 3294 et
388 3222 566 3322 sepultus;
591 3223 665 3319 jam
690 3223 779 3294 nihil
809 3223 951 3296 obstare
979 3226 1066 3320 quin
1092 3224 1211 3322 sepul·

211 3370 311 3421 crum
331 3347 407 3444 ejus
425 3370 538 3445 usque
555 3346 602 3424 ad
618 3349 807 3446 Hegesippi
821 3363 984 3447 tempora
1002 3373 1211 3447 permanere

211 3487 319 3569 atque
340 3470 386 3543 ab
401 3471 572 3545 historico
594 3472 698 3545 invisi
727 3475 895 3571 potuerit.
918 3473 1089 3572 losephi⁸
1111 3477 1208 3550 enim

251 3672 260 3707 ¹
280 3670 346 3733 vid.
361 3669 446 3730 infra.
456 3713 465 3742 ,
481 3690 510 3750 p.
528 3672 579 3729 93.

251 3766 262 3801 ¹
280 3767 425 3837 Valesius,
438 3767 633 3825 Animarum.
650 3768 680 3824 in
694 3767 797 3827 Euseb.
804 3808 816 3837 ,
830 3786 860 3846 p.
878 3768 927 3828 ll.

251 3861 262 3896 ⁸
280 3861 368 3925 Grab.
383 3864 481 3938 Spicil.
497 3864 579 3922 Patr.
586 3905 597 3933 ,
622 3882 670 3941 ep.
685 3861 791 3923 south.
808 3864 959 3938 Relliqw'oe
971 3883 1077 3933 sacrm,
1091 3883 1120 3941 p.
1137 3865 1205 3923 226.

251 3954 261 3990 ⁸
279 3956 390 4016 Tillem.
406 3977 452 4035 ap.
468 3957 575 4019 R'outh.
589 3960 739 4034 Belliqm'oe
751 3978 858 4028 sacrm,
874 3978 905 4036 p.
923 3961 994 4019 226.

250 4051 397 4129 ttoseph.
418 4056 587 4129 Antiquitat.
607 4056 720 4113 Judaie.
730 4095 741 4124 ‚
761 4054 811 4116 lib.
830 4056 895 4132 XV,
921 4076 947 4116 c.
971 4074 1031 4113 xsv.
1056 4052 1130 4115 Edit,
1152 4056 1210 4113 Ge-

211 4168 309 4219 nevae,
326 4150 419 4222 1633,
435 4168 463 4226 p.
480 4152 549 4209 543.
