3114 4960
738 461 929 531 ..40-

333 614 574 687 testimonium
590 610 723 684 borum
741 613 877 684 veritati
895 612 1025 697 obstat,
1043 615 1142 711 cujus
1158 614 1234 686 baec
1247 629 1331 687 sunt

333 737 463 810 verba:
484 766 503 806 η
523 737 576 810 lbi
601 737 842 836 spectaculum
863 753 938 809 erat
958 738 987 809 si
1010 738 1122 809 ullum
1145 738 1241 811 aliud
1262 740 1332 812 sub

336 891 354 932 u
368 862 444 936 sole
454 861 697 935 memorabile.
707 866 795 934 Nam
805 887 888 934 cum
899 863 1041 934 vallisin
1051 865 1265 937 immensum
1274 864 1332 937 de·

335 988 532 1078 «hisceret,
547 988 643 1060 itaut
652 986 845 1084 caligarent
856 987 1127 1086 despicientium
1141 989 1249 1079 oculi,
1270 990 1331 1062 de·
1443 1076 1455 1085 ν

336 1126 667 1210 «superexstructa
684 1126 760 1184 erat
779 1111 921 1211 praealta
942 1113 1102 1211 porticus
1118 1113 1220 1209 cujus
1236 1129 1331 1186 tecto

336 1261 577 1326 «conscenso,
591 1239 618 1309 si
632 1237 711 1334 quis
724 1251 911 1333 utramque
921 1236 1145 1308 altitudinem
1159 1239 1332 1335 conjunc·

336 1375 442 1432 «tam
468 1362 782 1461 contemplaretur,
814 1360 949 1457 absque
978 1360 1150 1457 vertigine
1185 1360 1223 1432 id
1258 1387 1331 1434 non

336 1499 522 1584 «poterat,
544 1486 621 1556 visu
629 1484 816 1557 deliciente
825 1484 1027 1557 obnimiam
1039 1485 1329 1584 profunditatem,

337 1610 577 1707 «priusquam
605 1608 651 1681 ad
676 1610 787 1680 imum
811 1610 1037 1708 pertingeret.
1062 1636 1079 1676 ν
1105 1606 1210 1708 Ἔργον
1235 1606 1269 1680 tt
1293 1611 1331 1687 lv

336 1733 632 1834 ἀξιαφηγητοτάτων
659 1744 720 1806 τῶν
749 1731 798 1829 ὑφ’
825 1736 917 1823 ἡλίῳ.
944 1736 1071 1831 μεγάλου
1093 1735 1151 1832 γὰρ
1174 1738 1258 1817 ὄντος
1278 1749 1332 1806 τοῦ

334 1872 392 1940 τῆς
414 1862 566 1958 φάραγγος
589 1862 830 1957 ἀναλήμματος,
852 1861 905 1929 καὶ
935 1855 998 1929 οὐδ’
1036 1863 1160 1930 ἀνέκτοο
1192 1856 1333 1931 κατιδεῖν

335 1986 363 2053 εἴ
392 2013 440 2065 τις
473 1982 584 2054 ἀνωθεν
611 1988 653 2065 εἰς
679 1989 732 2055 τὸν
758 1988 841 2073 βύθον
875 1987 1030 2055 εἰσκύπτοι
1052 1989 1241 2081 παμμέγεθες
1264 1984 1333 2077 ὕψος

337 2117 367 2179 έν
384 2116 466 2199 αὐτῷ
484 2114 521 2180 τὸ
540 2121 597 2190 τῆς
612 2116 703 2191 οτοᾶς
728 2113 906 2199 ἀνέστηκεν,
925 2118 965 2191 ὡς
991 2112 1082 2191 εἴτις
1101 2106 1155 2178 ἀπ’
1173 2109 1262 2206 ἀκρον
1280 2123 1333 2180 τοῦ

336 2228 453 2316 ταυτῆς
474 2239 578 2332 τέγους
599 2232 692 2330 ἀμφω
714 2238 859 2317 συντιθεὶς
885 2236 927 2305 τὰ
950 2237 1022 2324 [totta
1051 2228 1207 2304 διοπτεύοι
1231 2264 1334 2305 σκοτι·

337 2356 452 2452 διανᾷν,
471 2368 524 2430 οὐκ
542 2357 730 2455 ἐξικουμενῆς
744 2371 802 2441 τῆς
818 2360 911 2452 ὅψεως
926 2362 967 2440 εἰς
979 2362 1151 2456 ἀμέτρητον
1168 2364 1220 2430 τὸν
1236 2364 1331 2449 βύθον.

336 2489 375 2555 ln
393 2485 551 2583 porticus
567 2485 671 2580 igitur
688 2497 821 2554 tectum
833 2481 997 2554 incidisse
1008 2483 1181 2554 lacobum
1195 2507 1336 2555 necesse

337 2622 441 2697 esset,
462 2622 524 2679 aut
543 2594 573 2678 si
588 2637 606 2676 ο
628 2608 665 2677 in
682 2606 812 2704 gradus
827 2608 902 2705 qui,
921 2607 1078 2705 losepbo
1095 2613 1211 2699 teste¹,
1226 2634 1336 2706 usque

341 2731 422 2803 «ad
441 2733 550 2804 imam
568 2732 696 2806 vallem
714 2732 1008 2831 disponebantur,
1028 2761 1046 2801 »
1065 2758 1223 2833 praeceps
1239 2732 1336 2805 labe·

338 2870 448 2945 retur,
471 2854 678 2928 incredibile
704 2854 791 2927 mihi
808 2870 916 2945 esset,
937 2880 1020 2928 eum
1044 2855 1143 2927 llexis
1168 2856 1337 2953 geniculis

338 2976 457 3055 Deum
478 3006 624 3054 exorare
641 2981 816 3079 potuisse3
845 2983 874 3054 si
890 2980 1037 3080 quidem
1060 2982 1209 3052 omnino
1230 2980 1337 3054 lraota

339 3106 445 3177 luisse
469 3121 543 3176 tam
564 3104 748 3178 horrendo
772 3131 854 3178 casu
884 3105 1045 3177 membra
1067 3131 1141 3177 non
1170 3105 1338 3179 dubitan-

340 3229 427 3301 dum
447 3244 512 3301 est.

389 3356 451 3426 His
466 3352 560 3427 adde
575 3354 674 3452 quod
688 3354 910 3452 aliquatenus
930 3353 1110 3426 dissimilia
1129 3353 1244 3425 tradat
1256 3355 1337 3425 Hie·

342 3485 543 3575 rooymus’.
561 3510 578 3549 u
593 3479 748 3552 Titulum
764 3505 878 3575 usque
895 3479 942 3552 ad
958 3479 1185 3552 obsidionem
1208 3479 1274 3550 Titi
1299 3494 1335 3550 et

342 3603 503 3676 ultimam
537 3605 679 3677 Adriani
711 3605 936 3679 notissimum
965 3602 1090 3677 babuit
1119 3603 1291 3700 (lacobus
1304 3604 1334 3699 ).

343 3730 499 3819 Quidam
522 3756 542 3802 e
563 3732 694 3803 nostris
722 3732 759 3802 in
790 3745 914 3805 monte
932 3729 1060 3802 Oliveti
1090 3755 1175 3802 eum
1191 3744 1339 3829 putave-

343 3873 427 3930 runt
447 3855 680 3929 conditum.»
706 3857 829 3929 Fidem
853 3858 958 3954 igitur
978 3857 1246 3956 Hegesippianae
1259 3880 1339 3928 nar·

384 4051 393 4090 ¹
416 4049 530 4127 Joseph.
549 4051 636 4127 Oper.
650 4046 726 4108 Edit.
740 4051 879 4120 Genevae,
895 4051 984 4119 1637,
1001 4068 1029 4126 p.
1050 4053 1118 4108 ato.

385 4144 396 4177 ²
416 4145 553 4217 Hieron„
570 4146 606 4200 de
625 4149 654 4199 V
651 4146 701 4201 iris
716 4148 816 4215 illaesa,
833 4166 858 4205 c.
874 4167 906 4205 11.
