3114 4960
721 403 916 472 ..43-

322 550 414 622 lonis
447 550 668 650 triumphos,
698 551 799 647 cujus
826 554 900 650 ipse
930 550 1060 622 laboris
1093 552 1253 623 meminit
1283 554 1319 624 in

320 674 524 773 praesatione
554 666 723 773 quinque
741 673 915 745 librorum
942 679 995 744 Dc
1011 674 1146 745 exctdth
1171 677 1321 746 lucroso·

322 800 506 893 tynu'tanoe
531 797 626 869 urbis
647 798 709 896 qui
732 824 830 870 nunc
851 814 1015 870 exstant:
1037 799 1159 871 floruit
1182 800 1319 871 vicinus

321 923 600 1022 apostolicorum
625 938 850 1020 temporum,
878 925 1110 1022 pervenitque
1136 922 1319 1021 usquead

324 1048 542 1120 Antoninum
556 1048 659 1118 Pium
673 1073 770 1119 anno
784 1047 931 1120 Domini
950 1075 1028 1120 ccx.
1050 1078 1068 1117 u
1081 1049 1155 1120 <Cui
1167 1053 1320 1120 Joannes

322 1171 541 1244 Trithemius
565 1172 602 1242 in
625 1171 717 1242 libro
743 1170 789 1242 de
806 1172 1045 1270 Scriptoribus
1063 1172 1321 1244 ecclesiasticis1

322 1311 519 1367 consonat:
540 1324 558 1363 tt
576 1296 770 1393 Egesippus
795 1298 940 1367 natione
962 1297 1116 1386 Judaeus,
1141 1297 1188 1368 ad
1212 1296 1322 1368 fidem

322 1420 450 1492 Christi
466 1445 672 1509 conversus,
689 1420 852 1491 doctrina
868 1435 903 1492 et
919 1422 1104 1493 sanctitate
1122 1423 1158 1493 in
1178 1420 1321 1492 ecclesia

323 1543 451 1615 Christi
478 1542 696 1615 admirabilis
713 1544 855 1634 effulsit,
884 1545 985 1640 cujus
1003 1545 1129 1616 festum
1150 1570 1233 1616 cum
1250 1542 1321 1616 coe·

323 1670 407 1739 teris
419 1668 549 1740 sanctis
560 1669 596 1738 in
609 1667 863 1764 martyrologio
874 1668 994 1741 iocum
1007 1669 1174 1759 obtinuit;
1185 1669 1321 1767 scripsit

323 1791 495 1877 nonnulla
524 1791 724 1864 excellentis
754 1792 886 1889 ingenii
912 1794 1096 1891 opuscula,
1124 1792 1322 1891 dequibus

323 1940 389 2012 ego
408 1931 546 1987 tantum
564 1917 679 2015 reperi
704 1942 726 1988 a
745 1931 907 2014 tempore
929 1918 1126 1989 Dominicae
1149 1918 1322 2015 passionis

324 2065 436 2137 usque
465 2040 511 2111 ad
544 2066 645 2111 suam
672 2055 809 2112 aetatem
837 2067 929 2139 opus
956 2042 1107 2139 insigne,
1140 2041 1323 2114 historiam

325 2166 642 2239 ecclesiasticorum
671 2180 834 2257 actuum,
874 2166 972 2238 libris
1004 2168 1187 2266 quinque,
1223 2169 1324 2264 cujus

324 2292 464 2364 initium
484 2291 573 2364 bello
575 2293 752 2390 parthice,
769 2308 853 2381 etc,
874 2293 970 2364 aliud
984 2318 1135 2392 operum
1152 2294 1227 2389 ejus
1244 2294 1325 2365 nul·

324 2414 399 2487 lum
418 2416 507 2506 vidi3
529 2417 653 2487 claruit
674 2416 809 2488 vicinus
825 2416 1103 2514 apostolicorum
1121 2433 1324 2516 temporum

326 2540 393 2611 sub
413 2541 591 2611 Antonino
610 2541 671 2611 Pio
684 2564 779 2611 anno
796 2542 941 2613 Domini
956 2568 1034 2613 cnx.
1058 2571 1076 2608 rr

85 2694 164 2734 sorum
176 2691 214 2746 qu
229 2691 298 2734 unos
372 2663 442 2734 Sed
460 2688 569 2760 quam
587 2664 797 2735 multimode
818 2664 982 2737 fallantur
1009 2667 1075 2738 viri
1095 2667 1192 2738 docti
1217 2692 1324 2738 nemo

98 2747 285 2851 iiiiiiiifeiiiii
325 2803 377 2858 est
395 2788 457 2885 qui
476 2813 549 2858 non
562 2789 692 2860 videat.
713 2793 752 2860 In
767 2790 891 2888 primis
904 2806 1022 2863 autern
1034 2790 1134 2888 quod
1152 2791 1326 2888 usquead

131 2853 252 2907 mmm
324 2937 460 2984 annum
477 2911 606 2984 Christi
624 2938 690 2984 cnx
706 2915 945 3013 Hegesippum
963 2914 1215 2986 tantummodo
1245 2940 1326 3013 per-

325 3039 464 3109 venisse
478 3037 615 3125 dicunt,
630 3062 742 3134 quum
756 3063 799 3109 ex
814 3037 1050 3111 Alexandrino
1069 3038 1270 3125 chronico¹‚
1291 3052 1327 3109 et

326 3185 405 3255 quae
434 3175 623 3257 supersunt
649 3159 871 3256 fragmentis³
892 3160 992 3234 illurn
1022 3163 1144 3260 viginti
1174 3163 1326 3261 amplius

326 3307 440 3354 annos
457 3283 582 3353 vixisse
599 3297 736 3353 certum
757 3285 817 3374 sit;
834 3284 945 3356 sedet
963 3311 1149 3385 perperam
1167 3288 1327 3384 quinque

327 3405 372 3477 de'
398 3407 542 3478 Excidio
572 3394 887 3504 hierosolymitano
914 3408 1025 3481 libros
1055 3436 1138 3482 curn
1169 3412 1326 3509 quinque

328 3530 426 3602 lihris
447 3532 772 3606 Ecclesiasticorum
789 3550 933 3606 actuum
949 3537 1187 3609 confundunt.

364 3774 372 3807 ¹
394 3771 533 3830 Trithcm.
554 3777 600 3829 De
619 3777 745 3850 scriptor.
769 3780 865 3835 eccles.
881 3775 959 3853 apud
975 3777 1103 3836 Bibliott.
1117 3791 1194 3853 patr.
1210 3781 1327 3855 Marga—

328 3868 394 3929 riui.
407 3866 545 3947 Labigne.
559 3868 652 3947 Lugd.
670 3872 759 3941 1677,
775 3892 803 3948 p.
821 3873 908 3928 ttst.

366 3963 377 3996 ²
396 3963 469 4022 Vide
481 3983 564 4042 sup.,
579 3983 608 4041 p.
626 3966 675 4024 23.

366 4058 376 4091 ³
395 4059 466 4117 Vide
478 4059 544 4122 infr.
558 4104 565 4130 ,
580 4079 610 4137 p.
629 4063 694 4120 100.
