3114 4960
759 454 953 525 ..50-

360 625 475 683 torem
499 609 711 697 ostendunt,
737 607 929 703 gravissimi
951 631 1041 703 quos
1066 608 1101 676 in
1125 607 1353 679 orientalibus

358 738 563 807 Graecorum
591 731 796 804 nominibus
819 729 958 801 admisit
980 750 1129 801 errores.
1152 734 1231 801 Haec
1255 732 1353 802 enim

359 859 450 933 libro
480 859 582 933 tertio
616 857 773 953 ejusdem
804 856 939 955 operis¹
961 855 1138 952 legimus:
1171 855 1353 927 «Fluvios

360 1014 377 1052 a
398 1009 478 1056 eam
495 981 751 1079 (Antiochiam)
767 980 904 1052 medius
925 981 1129 1067 intersecat,
1145 980 1209 1077 qui
1226 994 1246 1050 a
1268 980 1353 1051 solis

360 1140 377 1175 r
397 1122 478 1179 ortu
508 1108 646 1195 oriens,
675 1131 748 1176 non
776 1105 882 1202 longe
900 1104 945 1176 ab
972 1103 1058 1175 urbe
1083 1104 1119 1174 in
1141 1127 1240 1176 mare
1266 1128 1352 1175 con·

361 1262 378 1301 a
399 1232 507 1321 ditur,
521 1256 643 1329 quem,
655 1230 853 1330 deongtma
868 1255 942 1301 suoe
959 1245 1083 1315 tractu,
1099 1232 1282 1301 Orientem
1293 1255 1351 1302 ve·

360 1382 376 1420 a
398 1367 488 1425 teres
512 1353 747 1452 appellavere,
764 1369 803 1425 ut
826 1352 932 1449 vulgo
955 1366 1097 1451 putetur
1113 1351 1201 1424 locis
1220 1378 1352 1425 nomen

360 1507 377 1545 r<
398 1477 550 1567 dedisse,
562 1503 676 1575 quum
691 1479 774 1551 inde
791 1480 983 1577 acceperit,
1003 1479 1103 1574 cujus
1121 1478 1262 1550 fluentis
1275 1479 1353 1577 ipso

361 1634 376 1669 a
401 1604 536 1702 impeto
561 1601 811 1699 frigidioribus,
835 1618 870 1675 et
889 1603 1050 1701 zephyris
1073 1603 1216 1675 assiduo
1232 1630 1298 1703 per
1312 1628 1354 1675 ea

363 1757 380 1795 a
399 1727 561 1801 locorum
587 1726 813 1826 spirantibus,
833 1742 906 1800 tota
922 1728 1043 1799 civitas
1062 1730 1233 1801 continuo
1251 1729 1353 1801 refri-

361 1882 378 1919 α
400 1867 552 1950 geratur,
589 1866 627 1924 ut
648 1852 793 1923 orientis
813 1853 849 1923 in
883 1852 1060 1950 partibus,
1088 1852 1262 1924 orientem
1293 1852 1353 1924 ab·
1411 1911 1415 1917 .

363 2007 381 2043 o
401 1976 561 2049 scondat.
576 2005 594 2044 u
607 1978 893 2073 Nusquamenim
902 1977 988 2049 tales
998 1998 1109 2075 nugas
1118 2002 1224 2050 ausus
1237 1978 1353 2050 fuisset

118 2135 192 2200 votor
206 2134 332 2199 ,senonas
361 2102 502 2172 Graecus
522 2115 645 2172 auctor
667 2100 833 2172 scribere.
858 2106 979 2198 Neque
1004 2100 1103 2174 aliter
1129 2103 1235 2174 sentit
1263 2106 1353 2173 Vos·

146 2188 304 2232 ⁶⁰¹¹¹¹⁸¹¹bn⁸'
362 2224 450 2295 sius¹
466 2253 473 2294 ε
492 2253 510 2292 o
521 2225 739 2324 Hegesippus
758 2223 858 2320 cujus
873 2223 983 2295 libros
1004 2225 1163 2322 quinque
1181 2225 1353 2299 habemus

361 2349 407 2421 de
430 2346 526 2420 Bello
547 2348 694 2420 Judaico
716 2363 752 2419 et
776 2347 1078 2443 ierosolymorum
1103 2348 1250 2421 Excidio
1274 2349 1353 2421 tati-

360 2497 428 2544 nus
456 2471 543 2543 mihi
566 2473 717 2569 scriptor
741 2470 895 2557 videtur,
927 2494 1000 2541 non
1030 2497 1049 2543 e
1076 2496 1188 2567 graeco
1219 2496 1353 2559 versus,

361 2619 446 2666 nam
457 2619 568 2691 graece
579 2597 606 2665 si
620 2618 778 2692 unquam
796 2596 1003 2694 scripsisset,
1020 2595 1356 2693 aliquisGraecorutn

360 2720 435 2815 ejus
451 2720 679 2807 meminisset,
696 2745 806 2817 quare
826 2720 925 2818 quod
942 2745 962 2792 a
981 2724 1019 2790 B.
1036 2721 1224 2793 Ambrosio
1248 2737 1358 2793 traus-

360 2846 469 2917 latom
487 2845 624 2935 dicunt,
643 2846 680 2918 id
697 2861 813 2921 toturn
830 2847 1113 2918 commentitium
1127 2861 1191 2917 est.
1218 2876 1235 2913 n

409 2974 491 3059 Quo
509 2986 627 3043 autem
644 2986 803 3069 tempore
820 2972 923 3043 fuerit
942 2984 1121 3043 exaratum
1141 2992 1233 3068 opus
1254 2969 1355 3060 iilud,

363 3096 419 3167 vei
435 3098 493 3167 cui
511 3095 740 3168 tribuendum
759 3097 907 3185 auctori,

466 3243 642 3298 Grammatici
654 3252 760 3298 certant
772 3251 800 3297 et
811 3243 899 3299 adhoc
911 3245 962 3298 sub
973 3244 1065 3313 judice
1077 3244 1108 3297 tis
1120 3251 1170 3298 est.

62 3453 64 3460 ⁴
125 3370 235 3415 rosano
243 3375 336 3416 onan·
362 3368 507 3440 Vossius
518 3366 604 3439 illud
618 3364 691 3439 vult
702 3369 873 3439 sexcentis
887 3384 921 3438 et
933 3367 1077 3440 fortasse
1091 3368 1242 3467 amplios
1255 3371 1357 3441 annis

212 3426 249 3468 tia.

365 3493 552 3565 Ambrosio
569 3493 756 3565 recentius.
777 3492 1008 3565 Mabilonius³
1021 3507 1140 3565 autem
1162 3493 1208 3565 ab
1228 3519 1271 3566 eo
1287 3494 1356 3566 dis·

365 3618 526 3706 sentit,io
538 3619 666 3690 ttinere
675 3617 773 3715 quod
784 3617 912 3689 dicitur
921 3618 1054 3689 italico.
1066 3647 1083 3685 «
1097 3618 1356 3691 Unumaddere

402 3827 410 3859 ¹
432 3830 477 3883 De
491 3828 602 3882 excidio
619 3830 748 3899 Hiems,
762 3827 913 3898 sibriaco„
929 3850 958 3906 p.
975 3832 1064 3888 1163.

401 3922 411 3955 ²
431 3921 557 3980 Vossius.
575 3925 611 3978 de
623 3924 729 3983 Histor.
746 3925 827 3983 latin.
844 3923 951 4002 (Lugd.
968 3928 1088 3994 Batus,
1106 3924 1177 3982 1651
1188 3929 1216 3999 J,
1231 3942 1260 4003 p.
1285 3927 1352 3984 706.

402 4016 413 4049 ⁸
434 4017 580 4076 Mabillon.
602 4020 658 4073 iter
670 4021 817 4090 lenticum(
824 4019 946 4077 Luteciae
957 4026 963 4085 t
974 4019 1028 4095 sic)
1040 4020 1231 4091 Parisiorum,
1249 4024 1355 4095 1687),

363 4132 392 4188 p.
411 4115 457 4170 14.
