3114 4960
100 3470 218 3526 Hegesippi
232 3468 286 3513 fides

88 3524 219 3579 quibusdam
225 3523 298 3567 dubia.

738 432 909 498 ..2-

329 578 463 675 optime
483 578 628 648 meritos
644 576 689 647 de
708 576 898 648 christiana
916 574 1095 673 republica
1117 577 1223 663 viros,
1250 591 1324 646 uta

329 700 446 771 dubiis
461 715 569 789 certa,
591 724 611 771 a
628 699 722 772 falsis
740 726 824 772 vera
840 716 1078 785 secernerent,
1098 714 1193 770 totos
1210 724 1247 769 se
1267 714 1323 769 tc·

328 839 473 920 tamque
488 823 699 897 industriam
708 824 937 921 impendisse.
948 825 1035 911 Quis
1047 825 1141 895 enim
1151 825 1324 894 Baronios

327 949 481 1036 nesciat,
505 947 667 1020 Floridos
690 948 848 1045 aliosque
871 973 963 1046 quos
982 972 1193 1020 enumerare
1214 947 1257 1016 sit
1274 948 1325 1016 in·

328 1070 418 1144 finiti
439 1074 574 1171 operis3
596 1089 632 1145 at
647 1073 722 1172 ipsa
744 1073 802 1144 illa
819 1075 968 1145 varietas
986 1072 1226 1159 historiarum,
1247 1095 1324 1167 quae

329 1198 455 1269 mirea
478 1197 581 1269 taedio
598 1212 633 1269 et
649 1200 806 1270 satietate
830 1198 1000 1287 defendit,
1027 1196 1191 1268 nonnihil
1215 1198 1323 1267 inter·

326 1321 414 1393 dum
433 1323 469 1392 in
486 1323 692 1394 auctoribus
706 1324 800 1420 parit
816 1322 1047 1420 negligentiae,
1069 1335 1108 1392 ut
1123 1320 1265 1393 difficile
1281 1322 1325 1392 sit

326 1471 389 1517 eos
408 1461 507 1519 tanto
524 1447 632 1520 veluti
648 1448 810 1546 pondere
828 1472 1019 1546 oppressos
1035 1445 1228 1542 aliquando
1248 1469 1323 1517 non

326 1570 533 1644 dormitare.

373 1694 461 1767 lndc
480 1694 518 1767 fn
538 1697 627 1767 utin
643 1696 851 1769 evolvendis
876 1720 1001 1768 eorum
1026 1695 1137 1783 libris,
1161 1694 1323 1791 quaedam

325 1820 371 1891 ab
380 1821 422 1891 iis
438 1819 591 1892 admissa
602 1821 802 1918 primorum
814 1820 967 1893 ecclesiae
980 1834 1186 1917 temporum
1196 1845 1325 1892 monu-

324 1958 443 2015 menta
456 1945 624 2041 reperias,
635 1969 714 2040 quae
728 1969 811 2015 cum
822 1944 915 2017 veris
924 1941 1106 2014 dissimilia
1120 1941 1321 2033 videantur,

325 2092 398 2138 non
418 2067 609 2139 mediocris
627 2067 798 2139 doctrinae
819 2082 854 2139 et
876 2069 1069 2140 sanctitatis
1093 2068 1188 2139 viros
1211 2066 1325 2138 offen·

324 2178 1032 2265 dunt.Necabeorumsententiamultum
1043 2193 1213 2264 abhorret
1223 2196 1326 2260 Baro·

324 2318 417 2406 nius,
437 2317 625 2415 prudentia
644 2317 749 2388 simul
773 2332 808 2388 et
823 2318 954 2414 pietate
971 2319 1185 2416 conspicuus
1209 2342 1217 2384 z
1247 2318 1325 2383 «Ut

324 2442 369 2513 de
379 2442 640 2538 antiquioribus
651 2441 792 2538 loquar,
806 2443 866 2531 ait,
883 2443 945 2539 qui
956 2441 1114 2536 ejusdem
1125 2440 1325 2538 argumenti

323 2564 498 2660 (historici
511 2565 691 2661 videlicet)
705 2567 982 2637 commentarios
999 2565 1203 2652 ediderunt,
1222 2565 1324 2633 inve-

325 2688 402 2757 nire
428 2686 571 2759 difficile
596 2701 662 2777 est,
682 2689 743 2785 qui
769 2689 954 2760 veritatem
975 2688 1011 2757 in
1031 2687 1198 2758 omnibus
1220 2685 1324 2755 fuerit

324 2826 551 2883 assecutus.»
570 2813 674 2901 Hinc,
693 2812 804 2884 lulius
822 2812 880 2883 ille
899 2813 1082 2884 Africanus
1098 2813 1159 2909 qui
1174 2809 1220 2881 ab
1236 2808 1324 2879 orbe

325 2937 472 3009 condito
488 2962 600 3034 usque
618 2936 665 3009 ad
683 2962 745 3008 sua
766 2952 926 3035 tempora
942 2937 1080 3034 scripsit
1095 2935 1323 3029 Chronogra·

325 3062 464 3159 phiam,
485 3075 520 3133 et
536 3061 710 3134 Eusebius
726 3077 808 3160 post
829 3062 929 3133 illum
947 3076 1024 3133 tum
1047 3059 1169 3132 similis
1191 3059 1321 3156 operis,

326 3201 402 3257 tum
421 3185 661 3257 ecclesiasticae
673 3186 828 3257 historiae
839 3201 976 3275 auctor,
989 3187 1081 3257 veris
1094 3186 1228 3257 incerta
1243 3184 1325 3254 mis·

326 3311 456 3395 cuisse,
471 3310 676 3381 auctoribus
692 3335 767 3381 non
783 3312 907 3408 paucis
922 3310 1100 3382 videntur.

377 3439 497 3532 ipsum
507 3435 613 3531 igitur
621 3435 906 3532 antiquissimum
914 3435 1069 3507 historiae
1081 3435 1325 3507 ecclesiastice

331 3572 491 3656 patrem,
522 3559 623 3654 cujus
650 3583 716 3658 pro
745 3559 836 3630 virili
861 3574 960 3657 parte
988 3561 1096 3630 vitam
1124 3560 1325 3656 scriptaque

331 3705 517 3753 recensere
535 3681 641 3753 nobis
661 3685 697 3754 in
720 3685 841 3755 animo
858 3697 930 3772 est,
954 3685 991 3754 in
1009 3682 1323 3781 reprehensionem
1427 3767 1430 3773 .

328 3806 573 3905 quorumdam
602 3808 778 3898 incidisse,
808 3809 960 3904 ingenue
990 3807 1188 3880 fatebimur.
1214 3810 1254 3877 ln
1282 3807 1325 3879 iis

332 3933 427 4005 enim
455 3956 534 4029 quae
552 3920 754 4030 ¹supersunt
779 3933 959 4031 scriptoris
975 3933 1078 4005 illius
1107 3934 1322 4029 fragmentis,

331 4056 495 4153 quaedam
506 4055 617 4127 aniles
634 4054 768 4127 fabulas
777 4056 987 4148 redolentia,
998 4055 1161 4154 quaedam
1173 4056 1323 4128 aliorum
