3114 4960
644 431 838 503 ..29-

246 598 321 654 tum
346 612 353 653 :
377 614 393 650 u
414 582 576 654 Ecclesiae
591 581 935 653 administrationem
953 607 1119 653 unacum
1138 608 1244 680 apos·

249 737 265 775 u
285 707 364 778 tolis
379 707 530 804 suscepit
545 706 698 778 lacobus
710 706 816 778 frater
825 707 987 797 Domini,
1000 707 1062 802 qui
1070 708 1145 802 jam
1161 708 1244 779 inde

247 859 262 897 u
282 854 303 901 a
325 830 454 900 Christi
472 829 691 927 temporibus
712 831 757 902 ad
779 844 936 902 nostram
956 856 1069 927 usque
1090 846 1241 921 aetatem,

245 983 265 1020 u
278 954 670 1049 justuscognominatus
680 969 745 1044 est,
755 979 838 1025 nam
849 953 951 1024 multi
960 953 1106 1050 quidem
1116 954 1244 1026 eodem

245 1106 265 1144 u
283 1078 430 1149 nomine
444 1077 566 1148 iacobi
580 1076 811 1167 vocabantur,
828 1077 891 1150 sed
904 1077 962 1149 hic
974 1078 1019 1149 ab
1031 1081 1109 1176 ipso
1123 1080 1245 1151 matris

246 1228 266 1266 u
285 1215 386 1271 utero
402 1215 544 1272 sanctus
563 1200 638 1271 luit.
663 1201 876 1273 Neevinum
895 1226 1054 1299 unquam
1072 1201 1161 1274 bibit
1178 1228 1245 1275 nec

249 1355 267 1393 u
283 1326 451 1416 siceram;
472 1326 518 1398 ab
534 1327 767 1397 animantium
787 1325 953 1397 carnibus
973 1325 1117 1424 penitus
1138 1327 1244 1401 absti-

247 1479 265 1517 u
281 1450 370 1522 nuit.
391 1455 541 1521 Comam
554 1475 740 1547 nunquam
759 1451 929 1541 totondit,
947 1472 1064 1547 neque
1078 1453 1162 1548 ungi
1181 1479 1244 1525 ne·

245 1603 264 1642 u
279 1600 348 1671 que
362 1575 472 1647 lavari
482 1574 611 1646 balneo
624 1599 753 1672 corpus
767 1599 925 1671 unquam
942 1575 1078 1662 solitus,
1094 1600 1186 1647 unns
1201 1602 1244 1648 ex

246 1728 263 1764 u
282 1699 450 1770 omuibus
461 1700 627 1770 intimum
639 1698 761 1797 templi
772 1701 1011 1770 sanctuarium
1022 1699 1244 1796 ingrediendi

245 1850 265 1889 u
276 1823 335 1918 jus
351 1823 623 1920 facultatemque
640 1822 816 1912 hahebat,
837 1848 952 1919 neque
970 1824 1097 1919 (enim)
1114 1823 1242 1914 lanicio

246 1976 263 2014 u
280 1947 342 2019 sed
354 1947 447 2020 linea
457 1961 598 2018 tantum
609 1961 706 2017 veste
715 1946 893 2019 utebatur.
906 1951 945 2016 ln
960 1947 1133 2045 templum
1146 1949 1242 2021 solus

246 2099 264 2138 u
282 2071 427 2158 intrare,
447 2085 553 2167 atque
568 2070 617 2140 ibi
635 2069 783 2166 genibus
795 2071 906 2160 flexis,
926 2096 992 2167 pro
1009 2073 1162 2169 peccatis
1175 2098 1242 2171 po-

246 2223 265 2260 «
280 2195 356 2291 puli
374 2195 522 2291 supplex
547 2199 664 2266 Deum
686 2218 788 2264 orare
814 2211 1059 2284 consueverat,
1087 2196 1178 2267 adeo
1204 2211 1242 2267 ut

245 2346 263 2384 u
280 2343 395 2415 genua
406 2320 529 2418 ipsius,
546 2320 655 2391 instar
667 2318 793 2388 cameli
805 2317 1048 2407 occubuerint,
1061 2318 1242 2390 dumassi·

246 2472 264 2511 u
281 2443 352 2515 due
370 2449 487 2517 Deum
511 2468 697 2534 veneram,
725 2459 760 2515 et
784 2468 851 2542 pro
875 2442 986 2514 salute
1007 2442 1134 2541 populi
1160 2458 1242 2515 vota

247 2596 265 2632 u
282 2567 412 2638 faciens
422 2566 524 2637 humi
535 2582 762 2639 sterneretur.
785 2569 849 2641 Hic
863 2593 947 2664 ergo
959 2582 1107 2666 propter
1122 2568 1242 2665 singu·

247 2721 265 2758 u
281 2691 391 2762 larem
402 2693 574 2788 justitiam
586 2696 857 2790 cognominatus
869 2710 921 2768 est
932 2701 1049 2767 lustus
1059 2710 1094 2766 et
1105 2695 1240 2785 oblias,

249 2844 267 2882 u
282 2815 381 2912 quod
388 2815 495 2886 latine
504 2818 767 2889 munimentum
775 2819 898 2918 populi
912 2833 947 2890 et
957 2819 1128 2914 justitiam
1138 2821 1244 2916 signi.
1351 2866 1354 2872 .

247 2967 266 3007 «
282 2938 376 3029 licat,
395 2939 701 3037 quemadmodum
715 2943 821 3012 etiam
836 2940 1016 3040 prophetae
1036 2941 1082 3012 de
1096 2966 1140 3013 eo
1157 2969 1244 3042 prm-

248 3093 266 3130 «
282 3065 447 3137 dixerunt
455 3065 602 3163 quidam
615 3081 735 3168 autem
744 3092 785 3138 ex
795 3082 930 3163 septem
941 3067 1044 3137 sectis
1057 3092 1135 3161 quae
1147 3067 1243 3166 apud

248 3217 265 3256 u
284 3190 424 3261 ludaeos
452 3207 565 3280 erant,
594 3191 641 3263 de
665 3190 794 3288 quibus
818 3193 855 3263 in
883 3191 1124 3290 superioribus
1148 3191 1245 3262 libris

250 3344 267 3381 u
283 3315 462 3412 scripsisse
479 3316 719 3408 meminimus,
736 3318 999 3413 interrogarunt
1013 3342 1109 3407 eum,
1129 3317 1246 3413 qnod-

249 3469 267 3504 «
284 3462 368 3509 nam
382 3455 473 3510 esset
486 3441 616 3511 ostium
631 3445 724 3512 Jesu.
738 3440 945 3528 Quibusille
956 3444 1075 3511 Jesum
1089 3465 1164 3512 esse
1178 3465 1246 3511 ser·

250 3591 268 3628 u
285 3579 444 3635 vatorem
467 3564 664 3662 respondit.
694 3566 755 3636 His
775 3565 916 3653 auditis,
933 3564 1097 3635 nonnulli
1119 3590 1245 3636 eornm

252 3717 268 3753 u
285 3692 406 3761 Jesum
422 3712 543 3759 revera
564 3687 743 3760 Christum
761 3714 837 3760 esse
856 3689 1097 3761 crediderunt.
1115 3693 1245 3787 Supra·

252 3843 268 3881 u
286 3816 421 3913 scriptae
439 3840 525 3886 vero
542 3829 644 3886 sectae
655 3839 730 3886 nec
748 3818 1055 3905 resurrectionem,
1071 3840 1139 3886 nec
1151 3814 1247 3884 futu-

254 3967 270 4002 «
289 3963 367 4008 rum
387 3939 514 4010 Christi
530 3939 744 4030 adventum,
766 3956 804 4012 ut
821 3941 1012 4038 unicuique
1030 3964 1096 4038 pro
1116 3938 1248 4009 meritis

255 4090 272 4128 κ
293 4062 493 4137 mercedem
512 4065 655 4153 tribuat,
674 4064 877 4136 credebant.
898 4054 1083 4161 Quotquot
1104 4088 1187 4136 vero
1206 4089 1246 4134 es
