3114 4960
621 431 814 499 ..σ’ς...

220 607 372 682 opernm
386 578 504 653 adhuc
519 580 691 652 exstantia
713 580 925 677 fragmentn;
944 576 1115 676 denique,
1138 602 1217 677 qnae

221 707 286 779 iltis
303 706 393 779 fides
405 704 641 777 adscribenda
656 706 713 777 sit.

267 833 440 931 Incipiam
464 832 570 930 igitur
586 831 632 903 ab
649 832 693 904 iis
716 850 872 930 quorum
895 832 1025 903 veritas
1049 855 1216 928 compro·

219 954 315 1044 bata,
332 956 464 1027 caeteris
475 956 610 1028 aditum
625 956 817 1054 permittat.
836 957 1073 1052 Antiqnorum
1085 952 1217 1025 scilicet

218 1096 407 1151 auctorum
417 1079 659 1180 deHegesippi
668 1079 849 1180 operibus,
862 1080 1048 1153 audiemus
1058 1081 1218 1153 testimo·

221 1203 292 1275 nia.
327 1204 464 1276 Deinde
493 1228 606 1301 quum
633 1203 737 1303 plura
763 1203 836 1276 sint
859 1204 989 1301 quibus
1010 1218 1146 1277 veteres
1168 1203 1218 1274 ilii

219 1329 372 1401 ecclesiae
380 1330 581 1428 scriptores,
591 1331 693 1402 circa
704 1331 893 1430 Hegesippi
904 1329 1087 1401 historiam
1102 1331 1218 1403 lucem

220 1454 357 1550 possint
374 1454 512 1546 afferre,
531 1479 572 1526 ca
589 1478 658 1527 ase
678 1454 869 1552 separatim
885 1453 1160 1554 perpendemus,
1180 1467 1219 1525 ut

219 1577 368 1650 cin-tora
384 1577 512 1651 exinde
525 1579 628 1670 facta,
649 1578 780 1677 legenti
796 1577 932 1651 faciiins
949 1593 1105 1677 pateant.

271 1704 408 1774 Primus
427 1703 598 1776 Eusebius
609 1709 631 1797 ¹,
651 1705 764 1776 nostri
781 1703 988 1776 testimonio
1007 1704 1084 1802 ipse
1104 1704 1222 1803 saepis·
1246 1738 1349 1778 retemta
1363 1730 1458 1796 nepo

221 1830 310 1900 sime
330 1852 413 1900 usus
429 1830 504 1902 ait:
527 1834 612 1899 «Ex
626 1830 721 1901 illius
739 1827 959 1927 (Hegesippi)
982 1826 1054 1899 fide
1072 1843 1107 1901 et
1126 1829 1222 1901 reia·
1260 1800 1310 1888 rudp
1317 1791 1446 1941 &siff

224 1954 376 2042 «tione,
397 1979 454 2025 res
471 1952 717 2049 apostolorum
735 1951 957 2050 temporibus
979 1968 1091 2049 gestas
1115 1953 1224 2026 tradi·
1296 1908 1351 1954 w

224 2077 390 2148 odimus.
408 2075 527 2146 Hicin
545 2076 704 2173 quinque
722 2076 841 2166 libris,
860 2075 1011 2176 simplici
1024 2076 1222 2150 admodum

225 2231 244 2269 υ
261 2225 427 2272 sermone
445 2201 666 2298 conscriptis,
680 2201 899 2272 verissimam
916 2200 1118 2298 apostolicae
1133 2226 1222 2299 prae·

227 2356 243 2394 ι
261 2324 649 2400 dicationishistoriam
666 2323 875 2422 complexus
888 2303 952 2394 est.
965 2351 983 2389 υ
998 2321 1223 2422 (Ἡγησίππου)

225 2453 387 2531 πλείσταις
403 2453 545 2547 πρότερον
562 2453 735 2547 κεχρήμεθα
746 2460 870 2546 φωναῖς.
888 2445 942 2529 Ὠς
955 2447 990 2519 ἃν
1007 2456 1043 2518 ἐκ
1059 2460 1117 2529 τῆς
1134 2455 1225 2517 αὐτοῦ

225 2571 418 2672 παραδόσεως
433 2576 505 2646 τινὰ
522 2586 583 2645 τῶν
601 2575 681 2644 κατὰ
702 2579 772 2655 τοὺς
792 2577 994 2663 ἀποστόλους,
1015 2578 1223 2670 παρατιθεμέ-

226 2725 287 2767 νου.
309 2698 357 2767 Ἐν
372 2704 467 2768 πέντε
485 2693 521 2768 δὲ
539 2697 588 2767 οὖν
604 2700 837 2793 συγγράμμασιν
853 2699 938 2778 οὗτος
950 2704 1008 2775 τὴν
1027 2700 1147 2774 άπλανῆ
1163 2726 1225 2766 πα-

228 2818 345 2918 ράδοσιν
367 2835 422 2892 τοῦ
438 2825 640 2891 άποστολινιοῢ
655 2826 850 2916 κηρύγματος
867 2823 1065 2917 ἁπλουστάτη
1086 2819 1224 2902 συντάξει
1260 2842 1262 2846 ‘

227 2945 652 3039 ὑπομνηματισάμενος....Εῑ
663 2944 800 3012 rursus’
814 2970 822 3011 ε
838 2969 856 3007 (ι
866 2941 993 3012 lisdem
1004 2941 1225 3038 temporibus
1245 3039 1249 3044 .

230 3094 248 3133 α
265 3066 385 3137 floruit
398 3066 661 3164 Hegesippus...
677 3080 712 3136 et
724 3065 961 3161 Dionysius...
977 3088 1132 3160 quorum
1146 3063 1226 3137 libri

231 3221 248 3258 «
263 3197 435 3262 sinceram
450 3189 651 3288 apostolicae
665 3190 865 3261 traditionis
879 3213 920 3260 ac
939 3213 1028 3260 verm
1042 3185 1124 3261 fidei
1138 3188 1225 3260 doc·

227 3316 357 3387 trinam
381 3314 623 3403 continentes,
646 3313 692 3386 ad
715 3340 782 3385 nos
803 3339 915 3410 nsque
935 3329 1222 3412 pervenerunt.»

230 3436 388 3536 Ἥκμαζον
406 3447 436 3510 ἐν
449 3444 568 3519 τούτοις
583 3441 633 3509 ἐπὶ
648 3452 705 3519 τῆς
722 3436 903 3520 Ἐκκλησίας
919 3435 1110 3533 Ἡγήσιππός
1125 3469 1161 3510 τε
1177 3444 1226 3529 καὶ

232 3570 440 3643 Διονύσιος...
458 3562 498 3632 ὧν
510 3565 565 3631 καὶ
583 3565 625 3642 εἰς
644 3569 725 3657 ἡμᾶς
742 3574 800 3642 τῆς
818 3566 1021 3644 ἀποστολικῆς
1037 3560 1227 3659 παραδόσεως

230 3697 328 3769 teng
345 3696 442 3784 ὑγιοῦς
467 3687 598 3766 πίστεως
625 3689 771 3781 ἔγγραφος
793 3690 945 3762 ,κατῆλθεν
975 3682 1138 3782 ὀρθοδοξόα.
1167 3687 1228 3755 His

271 3889 405 3949 1Enseb.
434 3893 538 3947 Histor.
566 3893 677 3959 eccles„
702 3887 752 3947 tib.
781 3892 831 3960 IV,
851 3909 876 3946 c.
903 3910 969 3961 vm,
993 3910 1023 3967 p.
1041 3891 1116 3946 tet.
1139 3887 1225 3965 (Edit.

231 3983 326 4042 Vales.
343 3986 517 4065 Moguntiae,
534 3988 635 4058 1672.)
993 3986 999 3990 ”
1141 4055 1144 4060 p

271 4081 283 4112 ²
302 4079 391 4149 Ibid„
408 4101 433 4137 c.
450 4101 513 4153 xxi,
531 4102 560 4159 p.
579 4082 722 4138 tit-142.
738 4079 824 4151 (Edit.
841 4078 934 4137 Voles.
951 4082 1079 4156 Mogunt.
1100 4079 1205 4151 tote.)

1086 4174 1106 4230 2
