3114 4960
727 415 924 489 ..24-

321 572 414 641 sima
423 592 495 666 que
508 566 860 667 Hegoaippihistoriae
877 566 1187 667 fragmenta-apud
1207 571 1319 640 Ense·

322 691 424 769 bium
459 692 618 792 reperiri.
650 691 692 763 ld
722 707 842 764 autem
870 689 1147 790 comprobatum
1175 690 1319 781 habeo,

324 831 401 889 tum
412 818 495 915 quia
504 817 733 889 Caesareensis
743 832 917 914 tempore,
928 816 1321 914 Hegesippianaurouwf·

325 971 414 1038 ματα
428 940 648 1031 exstiterunt,
659 964 773 1038 eaque
789 939 915 1038 legisse
931 954 966 1012 et
978 964 1042 1012 sua
1053 939 1190 1025 fecisse,
1203 942 1322 1038 potuit

324 1065 510 1156 Eusebius,
528 1079 604 1138 tum
623 1090 666 1139 er
679 1068 759 1165 ipso
774 1067 805 1139 si
819 1091 895 1139 non
911 1067 1059 1155 erroris,
1080 1080 1176 1139 certe
1190 1066 1321 1139 fraudis

325 1190 446 1263 nescio
463 1189 622 1263 historici
638 1177 715 1288 ejus
726 1191 883 1288 ingenio.

373 1317 519 1386 Certum
537 1328 590 1386 est
602 1315 699 1386 enim
711 1316 989 1386 commentarios
1004 1311 1320 1386 enclesiasticorum

325 1449 491 1524 actuum,
512 1435 558 1507 ah
575 1437 813 1534 Hieronymo,
841 1435 991 1525 Rufino,
1011 1435 1158 1525 Photio,
1176 1436 1318 1528 citatos,

326 1558 372 1630 ad
394 1560 583 1632 Sozomeni
603 1585 715 1658 usque
735 1575 897 1659 tempora
910 1560 1133 1659 pervenisse,
1150 1559 1210 1631 ille
1227 1562 1322 1632 enim

326 1708 388 1755 eos
412 1698 452 1759 ut
481 1709 547 1756 suo
567 1699 728 1784 tempore
750 1700 857 1757 notos
877 1700 913 1757 et
935 1698 1110 1756 exstantes
1132 1701 1318 1757 memorat.

326 1807 414 1893 Quis
425 1811 563 1880 autam¹
580 1833 790 1907 persuasum
802 1807 979 1897 habuerit,
997 1823 1071 1881 tam
1085 1807 1217 1879 multos
1235 1823 1324 1879 tarn·

328 1955 398 2028 que
426 1933 517 2003 acris
547 1932 688 2029 ingenii·
704 1934 821 2023 viros,
849 1932 1025 2030 quidquid
1045 1931 1091 2003 de
1123 1933 1322 2030 Hegesippo

329 2053 514 2151 proferunt
537 2054 583 2134 ab
602 2056 756 2128 Eusebio
773 2071 954 2129 mutuatos
971 2054 1078 2127 fnisse
1096 2055 1211 2153 (quod
1229 2053 1321 2126 fece-

268 2219 272 2228 ·
328 2179 427 2276 runt)
438 2180 506 2252 nisi
514 2181 611 2280 apud
621 2180 722 2254 illum
735 2185 905 2254 exstantia
917 2181 1125 2277 fragmenta,
1136 2181 1323 2279 Hegesippi

327 2302 942 2403 historiaeadhucintegraevidissont
955 2328 1127 2377 consona.

379 2427 479 2505 Adde
504 2428 620 2499 Photii
649 2429 895 2503 testimonium
922 2428 968 2501 de
995 2429 1156 2525 quinque
1187 2438 1323 2525 ὑπομνη·

331 2558 437 2649 μάτων
455 2551 566 2644 libris,
586 2554 747 2654 apprime
763 2579 847 2626 cum
872 2553 934 2626 illo
951 2554 1078 2650 quinto
1098 2553 1196 2653 apud
1216 2559 1324 2625 Euse-

329 2677 429 2750 bium
441 2678 567 2749 citato’
577 2679 815 2771 concordans3
831 2679 926 2751 adde
937 2679 1037 2776 quod
1048 2678 1167 2750 nullus
1180 2703 1222 2753 ex
1235 2680 1326 2750 anti·

330 2803 410 2900 quis
420 2802 477 2876 vel
486 2803 747 2883 recentioribus,
755 2802 961 2877 Eusebianae
969 2802 1054 2876 fid‘ei
1066 2801 1323 2888 infensissimis,

329 2932 587 3005 caesareensem
605 2930 643 3001 in
666 2929 723 3001 illa
746 2955 802 3021 re,
825 2926 954 3001 erroris
977 2926 1155 2998 fraudisve
1178 2926 1324 2998 insimu-

329 3053 425 3127 lavit.
454 3056 505 3128 sit
531 3055 637 3151 igitur
662 3079 859 3126 commune.
877 3053 1051 3151 judicium
1081 3077 1147 3150 pro
1170 3051 1327 3123 veritatis

330 3170 562 3274 argumento,
600 3180 837 3276 certioresque
879 3178 954 3274 jam
992 3177 1098 3267 sacti,
1137 3176 1325 3274 Hegesippi

330 3301 545 3400 fragmenta,
577 3304 622 3376 ad
658 3328 724 3376 nos
756 3327 869 3401 usque
901 3302 1128 3401 pervenisse,
1161 3323 1326 3398 quaenam

329 3428 483 3500 veritatis
504 3442 710 3526 argumenta
730 3452 801 3526 prae
825 3451 862 3498 se
890 3426 1025 3516 ferant,
1049 3425 1321 3524 perpendamus.

89 3572 302 3671 uffifflgngge
379 3532 573 3625 Statuenda
594 3532 752 3652 primum
775 3568 810 3624 et
835 3552 935 3624 omni
956 3577 1076 3624 rerum
1105 3549 1221 3622 inutili
1254 3572 1327 3620 sar-

89 3679 302 3726 ¹³⁰⁶¹⁰⁸²⁹¹¹¹⁸i⁰fiffi
329 3670 410 3752 cina
429 3677 612 3755 liberanda
628 3677 771 3751 videtur
785 3678 950 3774 quaesti03
972 3678 1096 3751 missas
1114 3677 1219 3774 igitur
1244 3675 1327 3751 faci·

330 3828 410 3880 mus
423 3802 604 3875 breviores
625 3811 734 3899 ῥήσεις,
751 3826 842 3906 quae,
862 3825 947 3872 oum
970 3800 1067 3873 nulla
1093 3800 1223 3874 erroris
1237 3825 1326 3899 prm-

369 3986 378 4021 ¹
399 3989 512 4046 Sozom.
528 3986 602 4041 Hist.
619 3988 729 4055 eccles„
745 3983 796 4042 lib.
812 3988 837 4057 1,
853 4005 878 4043 c.
896 4006 917 4042 1.

368 4080 380 4115 ⁸
398 4080 506 4159 Euseb.¹
520 4082 595 4147 Hirt.
611 4083 721 4150 eccles„
736 4078 787 4146 lib.
804 4083 843 4152 11,
857 4100 883 4136 c.
900 4099 985 4138 xxm.
1006 4078 1081 4141 Edit.
1099 4079 1209 4153 Valeo,
1223 4099 1254 4158 p.
1274 4081 1324 4141 ut,
