3114 4960
728 454 772 469 ..,
801 416 848 486 3ss
869 396 922 468 ’-

329 569 554 666 clamantque
568 567 677 638 hodie
688 567 811 656 ludaei,
834 597 851 634 u
863 610 910 622 -
932 583 997 638 «et
1015 593 1081 664 ego
1097 583 1232 658 contra,
1245 571 1327 664 jure

327 691 447 768 subdit
465 696 503 762 P.
522 689 688 778 Halloix¹,
700 691 801 786 quasi
810 694 954 761 Osanna
968 713 1041 760 nun
1056 688 1323 778 acclamaretur,

325 818 362 886 in
378 815 479 887 omni
499 814 579 886 loco
596 828 630 886 et
648 814 685 884 in
700 816 800 885 omni
824 814 964 912 plausu,
981 815 1010 884 si
1027 816 1074 886 ita
1093 815 1248 912 placeret
1262 826 1327 887 ac-'

324 937 589 1028 clamatoribus,
609 939 689 1034 quis
707 939 803 1011 enim
829 936 1025 1036 prohibuit,
1045 963 1091 1009 ne
1112 940 1193 1035 quis
1211 964 1321 1037 quum

322 1065 431 1136 vellet
443 1068 588 1136 Osanna
602 1062 834 1135 acclamaret?
851 1091 869 1130 a

370 1188 595 1278 Quibusdam
623 1188 729 1260 etiam
763 1187 971 1260 incredibile
995 1188 1170 1284 estquod
1195 1189 1326 1263 Scribae

322 1330 357 1386 et
380 1313 543 1387 Pharisaei
572 1311 745 1411 templum
776 1312 909 1386 violare
932 1337 1008 1385 non
1031 1313 1134 1384 veriti
1151 1314 1238 1403 sint,
1258 1315 1326 1387 hu.

320 1436 627 1509 mauamvcaedem
657 1461 700 1507 ex
732 1437 809 1531 ejus
842 1441 995 1535 πτερυγίῳ
1028 1450 1222 1535 patrantes.
1252 1439 1328 1510 Sed

320 1562 408 1659 quid
425 1586 499 1632 non
521 1589 539 1629 a
553 1558 715 1631 mortalia
740 1574 884 1658 pectora
911 1560 1037 1657 cogit»
1060 1561 1203 1658 penitus
1225 1586 1321 1633 exse-

319 1683 1317 1782 orandasectarumsuperstitio?Nimirum,utipscaiebat

317 1810 496 1898 Christus,
524 1809 738 1907 obsequium
750 1833 789 1880 se
802 1821 967 1902 praestare
989 1811 1066 1878 Deo
1079 1806 1317 1901 arbitrantur,

303 1935 535 2030 'quicumque
552 1934 678 2004 insano
695 1931 794 2003 ducti
812 1931 952 2021 lurore,
973 1932 1117 2004 alterius
1141 1931 1321 2028 religionis

316 2056 466 2131 asseclas
480 2071 541 2128 aut
556 2081 738 2155 praecones
753 2056 933 2154 suppliciis
949 2056 1119 2129 afficiunt.
1268 2128 1272 2134 „

359 2187 480 2253 Exstat
497 2205 583 2252 vero
599 2180 696 2278 apud
714 2181 859 2278 losephi
880 2179 1048 2252 Judaaas
1066 2184 1316 2279 Antr'quitates,

315 2305 440 2379 Jacobi
460 2305 636 2404 passionis
656 2304 824 2394 historia,
845 2303 891 2376 ab
905 2303 1158 2401 hegesippiana
1173 2331 1326 2403 prorsus.

317 2428 523 2510 dissimilis¹.
544 2427 662 2499 Multis
680 2452 824 2524 quoque
846 2428 1006 2499 veracior
1027 2427 1168 2499 videtur
1195 2446 1320 2501 auctor

309 2546 462 2641 judaeus,
475 2552 559 2650 ipsis
574 2550 795 2649 temporibus
805 2551 936 2622 florens
954 2550 1084 2647 quibus
1098 2577 1154 2624 res
1161 2552 1228 2623 illae
1237 2579 1320 2652 per-

312 2690 397 2746 actae
414 2690 509 2748 sunt.
531 2674 600 2746 Sed
615 2688 681 2745 cta
695 2674 809 2746 multo
824 2673 999 2773 pluribuS,
1019 2676 1074 2748 vel
1091 2678 1233 2775 spurius
1255 2682 1320 2748 lo-

312 2800 414 2897 sepbi
428 2799 528 2871 locus
539 2814 575 2870 et
586 2798 669 2870 ideo
683 2798 973 2894 abjudicandus³,
990 2800 1048 2871 vel
1060 2802 1183 2899 ipsein
1199 2802 1319 2873 multis

350 3031 358 3064 ¹
380 3030 511 3100 Halloix,
530 3033 606 3088 Vttoe
617 3032 713 3105 script.
729 3033 837 3089 Eccles.
849 3030 947 3085 orient.
955 3070 965 3097 ,
979 3041 1000 3089 t.
1017 3032 1065 3101 11,
1080 3049 1110 3107 p.
1125 3034 1193 3092 727.

351 3126 362 3159 ¹
385 3151 399 3177 a
409 3130 425 3182 J
427 3125 511 3183 unior
524 3137 619 3183 autem
630 3129 761 3195 Ananus,
775 3122 800 3181 is
814 3143 900 3200 quem
914 3143 991 3182 nunc
1005 3144 1151 3183 summum
1164 3126 1316 3205 pontifica-

314 3230 374 3276 tum
398 3219 541 3298 accepisse
560 3217 702 3290 diximus,
724 3218 820 3276 audax
841 3233 902 3278 erat
923 3233 952 3277 ct
976 3220 1058 3279 ferox
1081 3221 1215 3301 ingenio,
1239 3237 1315 3281 secta

312 3313 494 3387 sadducaeus,
518 3314 596 3391 quod
618 3313 768 3373 hominum
787 3334 877 3394 genus
898 3314 1103 3390 injudicando
1127 3329 1169 3375 est
1189 3319 1315 3378 severis-
1351 3351 1354 3356 ·

310 3406 416 3482 simus,
435 3422 467 3467 ut
480 3421 546 3469 ante
564 3408 706 3480 diximus,
728 3409 792 3468 talis
810 3409 898 3490 igitur
912 3431 1002 3488 quum
1020 3425 1109 3485 esset,
1127 3425 1241 3492 tempus
1257 3435 1315 3493 op·

312 3494 470 3581 portunum
496 3525 527 3564 se
554 3517 670 3563 nactum
696 3518 791 3577 ratus,
822 3519 937 3565 mortuo
962 3509 1064 3579 Festo,
1087 3507 1193 3568 Albino
1218 3509 1315 3570 adhuc

308 3612 412 3680 agente
437 3600 468 3658 in
491 3601 609 3676 itinere,
634 3601 787 3660 concilium
806 3601 936 3675 judicum
962 3602 1097 3675 advocat,
1119 3618 1314 3682 statutumque

307 3715 404 3755 coram
418 3715 454 3754 eo
468 3695 586 3754 fratrem
602 3701 672 3755 lesu
686 3697 804 3767 Christi,
826 3698 966 3757 Jacobum
979 3698 1096 3756 nomine
1110 3712 1139 3758 et
1152 3719 1209 3758 una
1222 3719 1310 3777 quos·

308 3789 476 3862 damalius,
495 3809 560 3848 reos
577 3790 730 3869 impietatis
744 3805 873 3871 peractos
891 3792 1060 3871 lapidandos
1075 3794 1206 3865 tradidit,
1232 3797 1311 3873 quod

244 3938 251 3957 ,
307 3886 414 3945 factum
434 3886 464 3944 in
486 3904 521 3944 ca
541 3884 656 3944 civitate
678 3887 761 3946 bonis
782 3902 811 3946 et
835 3889 932 3968 legum
954 3889 1102 3961 studiosis,
1125 3890 1313 3950 vehementer

308 3980 461 4059 displicuit.
482 4007 494 4032 υ
511 3980 630 4059 Joseph.
647 3986 745 4057 Antiq.
758 3987 842 4054 Iud,
858 3982 908 4041 lib.
926 3987 1117 4055 XX,c.v111.

347 4076 358 4111 ³
376 4077 512 4136 Clericus.
530 4081 594 4138 Art.
612 4080 693 4147 crit„
710 4098 740 4155 p.
758 4081 827 4148 111,
844 4092 912 4137 sect.
930 4101 957 4150 1,
972 4099 998 4138 c.
1015 4100 1064 4142 xv.
