3114 4960
91 847 188 894 Quonam
200 844 266 887 tuerit

70 898 222 960 peregrinatus
238 901 282 940 tte-

123 962 231 1006 gesippus.

708 426 905 496 ηιμ.

309 596 411 669 persa
429 596 543 644 aureae
560 577 740 646 vetustatis
759 591 1011 666 monumenta,
1040 577 1197 648 Judaeam
1222 577 1316 648 reli-⁴

310 699 404 794 quit,
425 713 518 770 ntea
535 698 661 771 sedulo
678 701 858 772 inviseret.

359 825 398 890 ln
423 820 542 920 plures
554 822 665 917 igitur
681 822 954 895 christianorum
974 822 1098 911 urbes,
1117 822 1307 921 pluresque

312 944 407 1040 apud
427 969 549 1016 earum
566 946 809 1043 episcoposse
828 948 960 1044 recepit
976 963 1111 1035 noster,
1138 947 1198 1043 qui
1224 969 1306 1016 eum

310 1067 501 1140 liberaliter
516 1056 755 1166 benigneqire,
771 1071 861 1143 siah
879 1097 951 1143 uno
970 1096 1096 1143 omnes
1107 1069 1303 1155 discamus,

311 1191 525 1264 habuerunt.
550 1192 618 1264 Sed
637 1209 763 1292 praeter
792 1199 912 1266 Romae
933 1194 1165 1291 Corinthique
1186 1194 1308 1264 civita·

300 1333 388 1399 ,tum
401 1323 423 1408 ¹,
462 1319 642 1416 Primique
672 1334 707 1391 et
736 1320 870 1397 Aniceti
894 1319 1106 1417 pontificum
1135 1319 1304 1406 nomina,

310 1442 406 1515 aliud
423 1443 561 1514 nullum
577 1445 650 1516 sive
667 1469 710 1515 ex
723 1445 988 1543 Hegesippianis
1002 1444 1223 1541 fragmentis,
1234 1443 1307 1514 sive

310 1589 353 1636 ex
369 1566 446 1638 aliis
461 1568 679 1663 antiquitatis
692 1568 921 1666 scriptoribus
936 1571 1096 1667 accipere
1112 1570 1272 1665 contigit.

358 1692 573 1764 Corinthum
585 1707 704 1764 tamen
724 1718 775 1783 se,
793 1708 832 1763 ut
845 1694 919 1788 jam
937 1695 1022 1783 dixi,
1042 1694 1223 1792 appulisse
1232 1696 1307 1793 ipse

310 1832 480 1906 testatur,
505 1817 605 1912 cujus
630 1818 667 1887 in
691 1817 837 1889 ecclesia
864 1818 965 1913 quasi
989 1818 1163 1914 spirantes
1189 1818 1307 1890 adhuc

310 1940 554 2039 apostolorum
568 1940 775 2012 traditiones
788 1941 923 2013 didicit.
945 1947 1045 2013 Hanc
1059 1942 1156 2012 enim
1171 1941 1306 2012 utdivi·

310 2065 487 2137 nisverbis
497 2080 588 2153 utar,
600 2065 727 2137 Paulus
736 2066 967 2163 plantaverat,
981 2065 1108 2163 Apollo
1119 2066 1303 2163 rigaverat,

309 2190 394 2262 huic
416 2195 512 2261 Deus
527 2190 674 2262 dederat
691 2191 969 2280 incrementum,
988 2190 1082 2261 hanc
1095 2215 1139 2261 ex
1156 2188 1308 2288 impudi-

310 2316 448 2387 cissima
463 2314 643 2413 pudicam,
665 2340 709 2386 ex
734 2316 955 2387 contentiosa
975 2329 1099 2385 mutua
1116 2313 1307 2386 dilectione

313 2440 544 2527 concordem,
565 2438 728 2510 effecerat
743 2438 864 2510 divina
882 2440 1003 2535 gratia.

359 2561 554 2631 Transactis
568 2561 673 2657 igitur
685 2559 952 2655 jucundissimae
968 2561 1162 2632 mansionis
1181 2556 1306 2630 diebus

310 2710 394 2758 cum
412 2685 530 2783 Primo
550 2685 710 2780 ejusdem
726 2687 824 2759 urbis
840 2689 1024 2786 episcop0,
1044 2690 1194 2757 Romam
1211 2684 1307 2756 venit

312 2811 365 2881 vir
383 2811 617 2909 apostolicus,
644 2812 790 2883 Aniceto
807 2812 932 2883 itidem
951 2814 1062 2908 Syro,
1085 2809 1141 2882 vel
1159 2813 1302 2897 Sotere,

312 2934 532 3034 pontificiam
547 2935 670 3008 sedem
691 2937 905 3009 tenentibus.
925 2941 1085 3032 Namque
1103 2936 1177 3033 ipse
1196 2934 1306 3006 diser·

310 3062 443 3133 tissime
469 3066 646 3150 testatur²,
667 3087 704 3133 se
735 3087 847 3158 quum
877 3061 1064 3132 inurbem
1087 3060 1302 3147 devenisset,

310 3186 555 3255 Romanorum
570 3186 765 3256 antistitum
776 3187 1016 3258 successiones
1029 3210 1142 3282 usque
1157 3183 1203 3255 ad
1222 3184 1311 3255 Ant·

310 3322 428 3378 cetum
446 3306 569 3378 litteris
586 3307 819 3380 mandavisse.

359 3436 545 3518 Quantum
555 3457 639 3504 vero
651 3435 822 3532 temporis
834 3434 884 3504 ibi
894 3435 1063 3505 manserit
1073 3434 1303 3530 Hegesippus,

311 3583 385 3628 non
412 3558 500 3655 legi,
521 3585 605 3632 nam
633 3560 763 3632 fallitur
787 3560 954 3650 Halloix⁸,
974 3560 1045 3657 {qui
1072 3559 1171 3630 illum
1194 3582 1306 3655 usque

349 3795 356 3828 ¹
378 3794 483 3855 Euscb.
507 3799 581 3852 Hist.
599 3801 695 3853 eccles.
713 3796 891 3875 (Moguntiae,
907 3796 1011 3870 1672),
1032 3816 1062 3873 p.
1088 3798 1160 3864 143,
1184 3795 1232 3853 lib.
1254 3799 1304 3864 IV,

309 3913 335 3947 c.
355 3912 428 3948 xxn.
705 3886 709 3891 ⁴

349 3986 360 4019 ¹
379 3990 484 4068 Heges.
502 3991 614 4065 Fragm.
629 3987 714 4059 infra,
730 4008 758 4066 p.
777 3991 825 4045 59.

349 4082 360 4115 ⁸
379 4084 689 4160 Halloix,Vitoescrtpt.
701 4087 905 4142 ecclesiaticam.
917 4084 1225 4163 Duaci,1633,t.11,p.
1236 4086 1303 4141 701.
