3114 4960
652 403 848 477 ..31-

258 582 275 618 «
294 552 417 625 minis?
428 557 507 651 lpse
517 546 617 624 sedet
625 554 663 623 in
671 551 931 631 aoeloadextris
940 578 1087 625 summae
1099 556 1248 643 virtutis,

258 707 275 749 «
293 693 329 749 et
337 678 609 751 venturusestin
618 675 893 751 nubibuscoeli.»
901 677 1251 774 Cumquemultiboe

253 830 272 869 «
292 801 415 875 Jacobi
428 800 633 873 testimonio
647 800 850 875 confirmati
865 800 1102 899 glorificarent
1115 807 1247 890 lesum,

253 956 270 995 «
292 927 470 1009 dieentes:
483 930 626 998 Osanna
639 923 712 999 filio
726 925 858 999 David!
875 941 959 998 tuuc
968 926 1076 999 iidem
1086 925 1207 999 scribae
1216 943 1250 1000 et

253 1081 272 1121 «
293 1051 456 1131 Pharisaei
468 1052 560 1125 iuter
576 1076 614 1123 se
626 1050 807 1131 collocuti.
831 1051 941 1141 Male,
962 1052 1148 1149 inquiunt,
1167 1051 1249 1124 feci-

253 1196 372 1246 «mus
397 1177 459 1272 qui
483 1190 585 1247 tanto
618 1175 822 1251 testimonio
852 1180 973 1248 lesum
1008 1177 1245 1249 oneravimus.

253 1328 271 1369 «
292 1298 688 1389 Verum‘aseondamus,
708 1322 863 1396 eumque
875 1300 1094 1398 praeeipitem
1110 1299 1251 1396 dejicia-

249 1453 269 1497 α
288 1449 382 1515 mua,
394 1439 433 1502 ut
443 1424 559 1501 caeteri
570 1422 867 1503 conterritilidem
878 1423 1245 1497 illibaberedesinant.

250 1576 268 1615 «
288 1546 522 1625 conclamare
551 1546 682 1623 deinde
712 1564 897 1645 coeperunt
924 1572 967 1621 ae
991 1548 1134 1622 dicere:
1161 1576 1178 1617 a
1194 1552 1245 1639 Ο,

249 1701 267 1739 «
287 1672 363 1769 ipse
385 1672 491 1745 etiam
504 1672 620 1765 justus
638 1673 779 1761 erravit,
801 1687 836 1743 et
853 1672 998 1769 impleta
1014 1687 1097 1743 sunt
1114 1696 1155 1743 ea
1169 1695 1247 1767 quae

250 1827 267 1862 α
287 1797 385 1894 apud
401 1798 541 1869 Esaiam
558 1797 688 1894 scripta
705 1812 805 1885 sunt;
821 1794 989 1867 tollamus
1004 1795 1158 1873 emedio
1170 1795 1247 1891 jus-

248 1950 266 1988 «
286 1935 377 2010 tum,
393 1921 476 2017 quia
495 1919 664 1990 molestus
681 1932 733 1990 est
750 1917 874 2008 nobis,
890 1933 1077 2017 propterea
1092 1918 1246 1991 fructum

247 2072 266 2110 «
286 2069 438 2143 operum
454 2068 601 2117 suorum
623 2043 938 2117 manducabunt.»
956 2047 1039 2116 Mox
1058 2068 1143 2142 ergo
1155 2069 1243 2129 con-

247 2197 264 2234 «
284 2167 496 2245 scandentes
506 2192 587 2241 eum
601 2168 817 2266 praecipitem
828 2184 996 2264 egerunt.
1013 2173 1057 2240 Et
1072 2168 1243 2264 quoniam

245 2319 263 2358 «
282 2292 603 2390 praecipitatum«
616 2291 732 2372 statim
743 2307 897 2369 mortem
910 2291 1059 2381 obierat,
1074 2291 1141 2363 sed.
1155 2315 1243 2362 con·

244 2446 261 2487 «
281 2442 404 2491 versus
420 2418 518 2495 fletis
531 2417 680 2515 genibus
695 2416 820 2493 orabat
837 2416 959 2499 dicens
977 2444 985 2486 ι
1011 2416 1194 2491 «Domine
1209 2432 1244 2491 et

244 2569 262 2609 «
281 2544 377 2612 Deus
388 2555 501 2638 pater,
524 2562 611 2637 rogo
628 2556 667 2612 ut
682 2543 846 2638 ignoscas
868 2541 954 2630 illis,
978 2541 1061 2637 quia
1079 2541 1243 2615 nesciunt

243 2691 262 2733 u
282 2662 369 2759 quid
386 2664 532 2751 faciunt,
547 2693 565 2732 u
582 2665 631 2735 illi
649 2666 742 2738 iuter
755 2691 793 2737 se
811 2665 977 2741 dixerunt
999 2692 1007 2735 ε
1029 2666 1242 2763 lapidemus

244 2816 262 2857 «
280 2787 454 2861 iacobum
467 2790 616 2884 justum.
638 2794 830 2888 Coeperunt
846 2791 950 2887 igitur
967 2789 1144 2887 lapidibus
1158 2817 1240 2862 eum

243 2913 463 3011 «impetere.
490 2918 682 3011 Quumque
703 2913 890 2993 homiuem
910 2908 1001 2984 saxis
1022 2912 1237 3001 obruerent,

243 3063 260 3103 «
279 3062 402 3109 unuse
413 3037 669 3128 sacerdotibus,
682 3037 813 3119 exsiliis
826 3034 1036 3108 Rechabfilii
1049 3035 1240 3109 Rechabim

242 3188 261 3226 «
280 3161 511 3257 quiJeremiae
522 3162 687 3259 suffragio
706 3159 947 3237 commendati
962 3173 1057 3250 sunt,
1073 3175 1241 3235 contenta

243 3311 260 3352 «
281 3310 392 3359 voce:
411 3287 593 3377 «Parcite,
612 3288 749 3384 inquit3
769 3285 857 3382 quid
877 3284 1011 3357 facitis?
1026 3289 1144 3356 iustus
1163 3302 1241 3359 orat

243 3437 261 3477 «
282 3434 348 3507 pro
360 3410 658 3483 vobis.»1nrerim
673 3436 765 3483 unus
778 3437 819 3482 ex
831 3409 872 3480 iis
884 3409 984 3498 fullo,
998 3423 1140 3507 arrepto
1150 3410 1241 3481 fuste

242 3562 258 3600 «
282 3557 356 3630 quo
372 3548 487 3605 vestes
500 3535 696 3632 exprimere
708 3533 856 3622 solebat,
873 3547 979 3631 eaput
996 3532 1081 3626 justi
1094 3558 1239 3632 percus·

243 3686 259 3723 «
280 3658 337 3729 sit.
355 3661 468 3755 Atque
484 3658 532 3729 ita
549 3658 639 3730 felici
655 3658 825 3754 martyrio
839 3658 948 3728 vitam
961 3654 1063 3727 finiit.
1076 3656 1240 3754 Sepultus

243 3811 261 3848 «
280 3798 331 3854 est
343 3783 472 3855 eodem
485 3785 522 3856 in
539 3785 634 3873 locu,
658 3798 849 3881 manetque
867 3782 985 3854 adhuc
1000 3783 1126 3881 oippus
1149 3780 1240 3854 illius

243 3931 392 4005 «prope
418 3908 603 4007 templum.
636 3910 700 3981 Hic
722 3908 875 3980 lacobus
903 3923 980 3978 tum
1009 3906 1136 3976 Judaeis
1163 3920 1237 3975 tum

242 4061 258 4096 «
279 4033 397 4127 graecis
415 4033 574 4133 locuples
597 4035 662 4106 fuit
686 4037 803 4123 testis,
824 4037 943 4105 Jesum
962 4055 1045 4102 vere
1061 4029 1237 4102 Christum
